2424 4330
266 397 327 459 DE
349 397 534 460 SYLLOG.
557 396 889 461 DISJUNCTIVIS.
943 407 1002 460 265

268 684 299 772 ξ.
323 687 354 748 3.
391 687 443 749 De
457 687 656 768 syllogismis
670 685 894 768 Disjunctiois.

152 821 278 910 QUAE
298 835 338 900 de
355 836 572 900 Conditionali
594 836 679 901 dicte
696 849 770 901 sunt
785 839 1004 918 Disjnnctivce

156 945 232 1010 satis
254 959 376 1009 cevent.
422 947 505 1031 Ejus
528 948 610 1010 enim
630 947 663 1010 in
680 947 870 1033 syllogismo
891 949 1003 1036 positae

156 1056 313 1120 sententia
334 1057 589 1126 conditionaliter
613 1057 717 1121 efferri
744 1081 866 1145 semper
889 1072 1002 1145 potest.

157 1167 202 1231 Et
219 1166 244 1230 si
260 1166 512 1232 conditionaliter
527 1170 620 1234 etiam
636 1174 815 1252 categorico.

224 1278 260 1340 V.
277 1301 309 1363 g.
334 1277 376 1353 Si,
394 1277 499 1364 positis
513 1279 564 1344 vel
581 1281 608 1344 C
624 1279 674 1344 vel
690 1281 734 1357 D,
750 1281 955 1346 subsumetur

245 1391 276 1454 1.
369 1389 431 1453 Sed
457 1389 496 1469 C,
512 1414 588 1476 ergo
606 1415 669 1455 non
693 1393 744 1478 D.

244 1503 275 1566 e.
454 1503 497 1579 D,
606 1527 669 1568 non
697 1504 745 1568 C:

244 1613 277 1676 3.
456 1636 519 1677 uon
538 1614 576 1690 C,
593 1638 668 1701 ergo
691 1617 743 1680 D:

245 1731 274 1788 4.
452 1747 515 1787 non
531 1727 576 1805 D,
698 1726 745 1790 C:

195 1833 261 1898 Pro
275 1835 421 1922 expositis
436 1837 641 1923 Disjunctivei
655 1837 706 1902 dic
721 1836 984 1902 conditionaliter.

246 1947 275 2010 l.
371 1949 405 2013 Si
437 1951 475 2027 C,
510 1963 580 2015 tum
607 1972 669 2013 non
693 1950 746 2012 D:

245 2062 275 2122 2.
436 2061 479 2136 D,
607 2083 669 2124 non
698 2059 746 2124 C:

246 2173 279 2235 3.
439 2193 502 2234 non
527 2169 566 2248 C,
598 2183 665 2235 tum
694 2172 747 2234 D:

246 2286 277 2346 4.
438 2306 500 2348 non
528 2285 572 2362 D,
698 2282 736 2346 C.

202 2489 385 2569 Disjunctive
400 2493 593 2569 propositions
614 2509 662 2547 are
680 2492 840 2570 compound
858 2503 1009 2551 sentences

159 2575 318 2631 connected
335 2576 369 2647 by
383 2573 553 2650 disjunctive
566 2572 710 2648 particles.

202 2655 385 2731 Disjuoctive
412 2652 607 2730 hypotheticnl
635 2656 827 2730 propositione
853 2674 902 2714 are
932 2674 1008 2713 com·

161 2737 257 2812 pound
280 2748 430 2793 sentences
453 2734 609 2792 connected
629 2735 664 2808 by
684 2735 854 2810 disjunctive
875 2735 1008 2813 particles

160 2816 309 2893 employed
323 2829 373 2873 not
385 2817 591 2888 distributively
604 2816 657 2873 but
670 2817 855 2890 exclusively.

202 2898 265 2955 The
288 2898 432 2973 following
454 2909 602 2954 sentences
629 2915 675 2953 arc
689 2896 861 2972 disjunctive
882 2897 934 2952 but
960 2903 1009 2950 not

160 2977 368 3056 hypothetical
394 2981 517 3035 because
544 2979 593 3034 the
626 2975 795 3050 disjunctive
822 2979 946 3033 member
980 2977 1010 3030 in

159 3062 234 3120 each
248 3063 273 3117 is
285 3060 481 3116 distributive:

203 3142 320 3200 studies
342 3159 418 3197 serve
432 3137 488 3219 sor
512 3137 632 3214 deliyltt,
648 3134 703 3215 sor
729 3145 886 3205 moment,
908 3156 940 3194 or
956 3134 1012 3213 jor·

161 3221 286 3300 ubilityt
306 3222 371 3277 that
385 3223 419 3288 is,
434 3239 511 3277 some
525 3219 635 3275 studies
653 3237 732 3274 serve
746 3217 788 3273 sor
806 3235 860 3274 one
882 3217 915 3273 of
931 3218 1011 3274 these

162 3321 300 3379 purposes
313 3303 370 3358 end
383 3321 460 3358 some
474 3299 516 3358 lor
530 3302 649 3355 another
662 3298 694 3354 ol
704 3300 791 3355 them.

202 3381 355 3441 Botoniccl
374 3388 585 3460 arrangements
597 3397 647 3436 are
660 3376 747 3436 eitlrer
760 3374 877 3434 natural
887 3395 920 3432 or
940 3379 1011 3436 arti-

153 3462 261 3538 ficial,·
284 3462 348 3518 that
362 3463 397 3528 is,
412 3480 490 3518 some
503 3478 551 3516 ure
565 3459 691 3526 natural,
706 3457 763 3514 aud
777 3475 855 3513 some
869 3458 1010 3516 artificial.

206 3543 265 3601 But
291 3544 321 3598 iu
348 3545 396 3599 the
423 3541 567 3614 following
592 3539 740 3615 examples
766 3539 815 3594 the
842 3536 1011 3612 disjunctive

162 3626 298 3702 particles
312 3641 361 3681 ure
381 3623 536 3690 exclusive,
551 3638 582 3678 so
596 3622 661 3678 that
675 3621 722 3678 the
743 3619 897 3678 admission
911 3620 943 3677 of
959 3641 1011 3678 one

561 3721 580 3758 A
597 3721 618 3759 n
