2450 4318
210 381 250 436 88
363 459 367 470 ἢ
388 373 449 434 DE
470 369 878 435 PRAEDIOABILIBUS

308 619 338 708 ξ.
355 622 384 682 4.
426 621 479 684 De
493 621 758 686 Praedicabilibus
764 619 960 705 formandis.

209 752 408 833 NOMEN
413 768 592 850 Singulore
601 765 720 832 dicitur
730 765 793 830 alio
804 766 1066 830 nominelndc'ci-

210 881 322 956 duum,
332 879 464 966 ejusque
480 877 691 963 significatum
712 879 823 944 Unum
837 899 986 942 numero:
1006 900 1064 940 ne-

210 1013 273 1077 que
297 989 382 1056 enim
408 988 567 1076 singulare
592 1002 640 1055 est
670 988 827 1075 quicquid
854 989 967 1054 Unum
996 987 1062 1054 dici

209 1113 334 1187 potest;
367 1100 422 1165 sed
445 1100 559 1181 multa,
583 1124 657 1188 quae
682 1112 756 1166 sunt
777 1099 911 1164 invicem
935 1099 1062 1178 similia,

209 1226 339 1278 eatenus
358 1213 471 1278 Unum
492 1225 670 1278 censentur.
715 1213 879 1276 Vocantur
893 1209 976 1274 enim
994 1233 1063 1276 uno

209 1322 385 1412 eodemque
410 1324 559 1398 nomiue;
594 1323 682 1410 quod
704 1323 774 1410 ipsa
799 1321 892 1386 Vocis
917 1320 1062 1386 definitio

210 1457 273 1500 non
293 1435 426 1522 patitur,
449 1436 509 1499 nisi
535 1434 568 1498 in
591 1434 653 1498 illis
674 1435 778 1521 reipsd
801 1433 852 1512 sit,
876 1431 927 1497 vel
949 1432 1061 1497 saltem

210 1543 330 1632 concipi
356 1545 466 1631 possit,
495 1567 558 1610 una
582 1545 690 1631 alique
718 1543 894 1630 eademque
924 1544 1062 1620 Natura,

210 1679 284 1742 quae
298 1654 374 1720 huic
387 1656 508 1722 nomini
523 1655 723 1744 respondeat.

255 1767 369 1833 Talem
395 1769 512 1856 reperit
541 1767 731 1845 intellectus,
759 1767 837 1832 dum
867 1766 960 1856 plura
990 1789 1064 1830 con-

212 1878 396 1966 templando
411 1883 567 1946 abstrahit
581 1880 622 1946 ab
637 1903 747 1944 eorum
760 1881 970 1969 differendi&
998 1880 1019 1942 i.
1035 1903 1062 1943 e.

213 2003 334 2078 spectat
359 1992 392 2056 in
418 1993 514 2058 rebus
540 2015 577 2057 ea
603 2004 729 2057 tantum
755 2013 829 2078 quoe
858 1989 1063 2068 conveniunt,

212 2097 364 2182 neglectis
389 2099 536 2163 omnibus
563 2099 682 2184 quibus
708 2096 883 2172 dissident;
918 2095 1064 2184 adeoque

212 2205 456 2272 fundamentum
478 2230 570 2272 omne
591 2207 791 2288 discriminis,
812 2222 929 2293 praeter
953 2231 1066 2272 nume-

212 2335 296 2393 rum,
319 2315 437 2381 eximit.
483 2318 589 2395 Quare
615 2324 768 2381 naturam
793 2317 836 2380 sic
859 2320 1063 2396 abstractam,

214 2448 285 2491 cum
303 2427 343 2491 sit
358 2429 443 2494 omni
464 2428 661 2515 singulorum
684 2427 871 2506 differentiae
891 2442 1063 2514 superstes,

213 2538 335 2626 concipi
360 2562 418 2627 par
443 2553 502 2618 est,
526 2563 589 2604 uon
614 2553 652 2605 ut
678 2540 710 2603 in
737 2539 870 2626 singulis
895 2539 1064 2616 diversam,

215 2649 270 2714 sed
286 2662 322 2715 ut
337 2649 369 2715 in
384 2650 530 2716 omnibus
545 2650 691 2726 eandem;
715 2649 858 2738 adeoque
878 2653 1067 2718 Universale

214 2759 368 2847 quiddam
391 2761 456 2826 sive
481 2763 556 2826 Ena
580 2784 683 2826 unum
708 2766 745 2825 in
769 2766 898 2828 multis:
931 2763 1071 2850 ejusque·

215 2871 341 2957 signum
369 2871 518 2936 idoneum
543 2872 614 2951 erit,
638 2873 762 2938 Nomen
790 2896 965 2951 manuue,
991 2879 1066 2939 unl-

215 3006 335 3063 vocum,
350 2986 502 3051 secumdae
516 2989 716 3064 intentionis,
732 3008 797 3050 uno
812 2985 920 3063 verbo,
937 2988 1066 3052 Praedi-

214 3098 322 3172 catto,
333 3095 398 3161 sive
413 3096 475 3162 Voc
490 3104 568 3180 opta
578 3100 767 3181 praedicom',
779 3098 802 3161 i.
812 3121 839 3162 e.
855 3098 988 3163 univoce
1001 3097 1065 3162 dici

215 3209 255 3274 de
271 3208 391 3274 multis.

258 3408 283 3465 l.
301 3409 325 3464 A
339 3405 476 3483 Singular
489 3407 570 3465 word
584 3409 609 3463 is
622 3406 714 3464 called
728 3425 767 3464 an
780 3403 950 3462 Indiuiduol
960 3403 1066 3468 Nouam

214 3485 372 3563 borrowing
386 3490 448 3545 that
470 3487 696 3564 distinguishing
717 3489 826 3564 epithet
848 3485 921 3543 from
939 3486 991 3543 the
1010 3506 1066 3544 na·

214 3575 276 3622 ture
290 3565 321 3621 ol
331 3568 379 3624 the
392 3568 485 3642 object
499 3568 592 3626 which
604 3570 627 3624 it
642 3581 818 3645 represents;
831 3567 957 3642 namely,
972 3569 1067 3628 asin·
