2412 4326
320 419 384 479 EX
410 417 841 484 CONTRADIOTORIA.
950 431 1012 488 ³4³

160 593 247 680 quod
264 598 293 660 si
307 600 407 660 maris
427 600 608 683 superficies
629 618 696 661 nort
716 606 764 663 est
782 601 952 683 spherica,
967 610 1014 668 est

159 699 327 779 ephaerice.
373 699 492 762 Verum
514 697 568 763 ille
587 698 666 763 nihil
686 698 749 765 tale
763 700 1011 779 demonstravit3

162 799 214 863 sed
231 812 356 865 tantum
372 800 468 864 maris
488 799 685 886 superficiem
708 805 736 866 ei
757 805 901 868 nondum
923 814 1013 882 esset,

152 903 228 986 sore
248 905 459 985 sphericum:
485 901 591 988 siquid
613 902 695 967 enim
718 903 853 970 emineat
878 904 1012 993 (inquit)

160 1002 241 1068 iliud
259 1003 377 1082 statim,
394 1026 433 1066 ex
449 1001 566 1067 noturd
580 1003 715 1082 humidi,
732 1006 888 1072 subsidet:
916 1008 1013 1073 Unde

162 1105 188 1170 si
213 1106 310 1170 maris
333 1106 514 1193 superficies
535 1104 576 1170 sit
600 1106 734 1187 (utnon
756 1113 819 1194 est)
834 1110 1012 1198 inaequalin

148 1210 214 1294 fiet
227 1209 366 1294 perfecte
381 1207 543 1295 sphoerica.

204 1312 377 1375 Videamus
400 1311 488 1376 aliud
514 1311 707 1399 exemplum.
762 1314 864 1377 Sunto
889 1317 1013 1380 numeri

160 1414 227 1478 duo
251 1413 435 1501 inoequales,
462 1427 493 1478 et
519 1414 603 1480 inter
628 1437 661 1478 se
682 1414 799 1501 primi3
831 1414 902 1480 dico
923 1416 1012 1502 quod

160 1539 268 1582 eorum
285 1516 463 1581 differentia
479 1516 520 1580 ad
539 1518 691 1581 minorem
712 1518 816 1604 prima
830 1529 887 1582 est.
933 1520 1014 1583 Esto

160 1622 246 1684 enim
270 1639 427 1682 nuneemm
448 1621 566 1702 aliquis
590 1623 647 1701 qui
676 1623 807 1684 metitur
835 1621 988 1685 minorem
1000 1647 1011 1694 ;

160 1724 305 1804 idemque
328 1724 481 1786 metiatur
502 1723 735 1809 differentium:
770 1721 861 1806 Ergo
882 1721 1013 1786 metitur

161 1845 270 1887 eorum
316 1845 493 1897 summam3
539 1826 630 1910 Ergo
673 1823 805 1888 metitur
849 1823 1012 1908 majorem,

160 1924 236 1989 huic
265 1947 397 1989 summae
426 1947 554 2010 parem3
589 1927 679 2008 Ergo
703 1947 769 1988 non
799 1927 928 1989 metitur
957 1926 1014 1986 mi-

160 2048 280 2092 norem.

205 2130 339 2192 Possum
365 2128 425 2192 hoc
451 2127 519 2192 loco
541 2128 645 2193 dicere
671 2127 759 2214 quod
782 2127 930 2193 mendose
951 2132 1013 2196 col·

161 2229 290 2317 ligitur:
326 2229 425 2316 siquis
447 2231 529 2294 enim
557 2253 708 2296 numerus
730 2229 881 2294 minorem
905 2234 1013 2298 metic-

162 2348 215 2398 tur
229 2355 269 2397 ex
293 2332 469 2419 supposito,
485 2346 517 2397 et
539 2334 689 2420 majorem
712 2357 752 2398 ex
774 2332 1010 2413 demonstrato;

162 2432 373 2520 colligendum
399 2447 465 2498 erat
493 2436 584 2500 datos
608 2457 674 2500 esse
697 2439 783 2500 inter
807 2457 841 2500 se
866 2443 1013 2522 composi.

162 2544 218 2610 tos,
243 2536 329 2620 quod
353 2543 399 2599 est
427 2542 538 2600 eontra
568 2539 779 2621 Hypottesin.
820 2540 943 2603 'Verum
974 2565 1013 2607 ne

161 2639 308 2727 pluribus
329 2640 482 2727 exemplis
505 2641 563 2704 sim
585 2640 747 2718 molestus,
764 2642 847 2708 malo
867 2645 1012 2729 generale

161 2763 356 2828 responsum.
413 2741 495 2806 Dico
526 2741 637 2828 igitur,
666 2743 755 2829 quod
785 2744 873 2809 nulle
901 2745 1013 2832 hujus-

161 2841 247 2906 modi
277 2841 504 2906 demonstratio
533 2842 685 2929 supponit
716 2843 813 2908 solom
845 2867 911 2909 suoe
940 2869 1013 2910 con-

161 2943 309 3010 clusionis
338 2944 633 3020 contradictoriam
672 2945 727 3010 sed
757 2944 908 3031 quaelibet
938 2969 1011 3011 cum

161 3043 407 3109 contradictorii
435 3047 525 3131 ponit
554 3046 676 3133 aliquid
710 3046 797 3133 quod
827 3069 894 3110 eam
925 3069 1013 3111 ever-

161 3146 224 3221 tit;
248 3160 280 3211 et
300 3158 450 3223 evertere,
468 3145 713 3212 demonstrando
730 3147 880 3214 ostendit.
926 3149 1011 3227 Quc-

161 3273 195 3312 re
231 3247 461 3312 conclusionem
498 3272 560 3313 non
596 3248 692 3315 infert
722 3273 762 3315 ex
792 3251 861 3336 ejus
890 3263 1012 3316 contra-

162 3349 317 3425 dictorid;
357 3350 411 3414 sed
441 3374 481 3415 ex
511 3348 754 3416 contradictorii
783 3371 854 3414 cum
889 3366 1011 3415 contre-

161 3450 303 3516 dictorioe
333 3451 493 3516 eversivfi:
533 3453 620 3538 quod
658 3453 683 3516 si
717 3451 813 3515 faciet
847 3451 925 3515 nihil
954 3455 1011 3517 nri-

161 3576 242 3618 rum.
289 3555 372 3621 Nem
404 3557 443 3623 Si
472 3557 620 3626 Socrates
649 3579 680 3622 v.
710 3578 742 3644 g,
772 3561 819 3620 est
851 3557 948 3637 homo,
980 3567 1011 3624 et
