2424 4330
244 354 689 419 DEMONSTRATIONIS
712 354 909 416 SPEOIES.
971 361 1031 418 tal

329 595 363 684 §.
378 599 410 660 5.
440 597 731 663 Demonstrationis
744 600 871 680 species.

177 767 301 852 DUAE
331 797 405 850 sunt
428 785 714 851 Demonstrationis
737 788 864 872 species.
910 785 1029 861 Prima,

177 918 251 981 quae
273 894 469 960 demonstrat
485 893 565 972 Ὅτι,
591 895 657 960 sive
682 901 774 973 Quod
794 921 846 964 res
866 900 929 973 sii,·
959 920 1032 984 pro-

176 1007 294 1085 bando,
317 1007 367 1070 vel
397 1006 581 1094 simpliciter
602 1019 634 1072 et
656 1006 774 1073 directe
798 1031 864 1073 rem
886 1012 934 1072 ita
955 1030 1031 1084 esse,

177 1130 209 1183 et
233 1129 301 1182 tum
319 1129 449 1184 vocatur
472 1121 652 1195 Onerariae,
667 1141 722 1182 sen
745 1119 853 1205 potius
875 1120 1030 1192 Direota;

177 1228 229 1291 vel
268 1228 293 1292 si
327 1251 395 1292 raom
433 1232 486 1305 ait,
523 1228 653 1294 absurdi
695 1229 817 1315 aliquid
859 1228 1033 1294 necessario

177 1352 373 1405 secuturum.
420 1341 502 1404 Haec
517 1353 563 1406 est
579 1363 654 1428 quae
673 1340 785 1405 Graece
806 1340 924 1405 dicitnr
942 1342 1033 1404 Ἀπα-

178 1455 274 1540 γωγὴ,
292 1453 416 1532 Latine,
433 1456 553 1518 ducens
573 1455 616 1517 ad
632 1455 816 1531 airardum,
832 1454 1031 1537 impossibile,

177 1567 418 1640 incommodam,
432 1587 497 1628 uno
511 1565 608 1629 verbo
622 1577 707 1630 recte
720 1565 840 1630 dixeris
856 1567 1035 1648 Obliquum.
1072 1605 1076 1614 ·
1137 1573 1139 1578 '

179 1677 376 1762 Exemplum
396 1677 465 1762 ejus
484 1676 540 1739 dat
562 1676 706 1741 reductio
730 1675 912 1762 syllogismi
934 1677 1034 1739 aBa-

179 1791 255 1851 roloo
269 1787 320 1850 vel
335 1789 484 1852 Boloordo
499 1786 539 1850 ad
556 1789 714 1851 Barbara.

226 1900 393 1965 Osteasioa
411 1901 544 1966 Direota
558 1898 594 1963 fit
610 1899 738 1964 duobus
752 1896 864 1962 modis.

222 2011 255 2076 1.
279 2009 416 2087 Quando
438 2009 560 2097 aliquid
584 2010 821 2076 demonstratur
846 2033 903 2096 per
934 2011 1034 2098 Effec-

180 2130 271 2196 trrm,·
301 2134 338 2186 ut
361 2119 386 2184 si
408 2120 536 2197 diceres,
561 2123 660 2186 Lana
683 2125 752 2189 Soli
772 2125 916 2206 opposita
937 2123 1035 2204 migra

179 2234 347 2304 oernitar3
378 2251 454 2316 ergo
472 2233 603 2313 patitur
624 2231 782 2314 Eolipsirr.
836 2231 866 2292 2.
898 2231 1034 2309 Quando

180 2364 239 2429 per
266 2343 407 2407 Causam
437 2349 610 2416 remotam;
643 2354 680 2405 ut
706 2341 732 2404 si
758 2341 842 2405 idem
872 2329 1034 2428 colligeres

181 2453 259 2538 quia
284 2455 343 2519 Sol
371 2461 402 2517 et
430 2454 530 2517 Lana
559 2454 789 2516 diametraliter
814 2461 1034 2536 opponantur.

182 2562 276 2641 Quod
298 2562 324 2626 si
346 2562 428 2627 illud
450 2563 680 2628 demonstrares
693 2585 751 2649 per
768 2567 909 2630 Causam
926 2569 1035 2650 proei-

181 2696 276 2752 mam,
292 2673 369 2760 qnia
382 2696 495 2762 nempe
514 2675 619 2738 Terra
633 2677 719 2739 inter
733 2677 837 2741 Solem
853 2681 884 2740 el
903 2676 1033 2740 Lanam

181 2789 409 2870 interponitor,
426 2797 496 2850 tum
511 2786 600 2850 fieret

226 2895 372 2960 Secunda
394 2895 680 2961 Demonstrationis
703 2895 821 2983 species
843 2893 935 2972 Aro‘rr,
961 2896 982 2959 i.
1005 2917 1034 2958 e.

182 3031 256 3095 quae
278 3006 370 3072 docet
402 3009 520 3084 Quare,
543 3006 594 3071 vel
624 3009 760 3092 Propter
785 3010 864 3090 qaid
890 3031 941 3070 res
971 3007 1031 3080 sit3

181 3140 308 3182 causam
331 3118 400 3203 ejus
421 3115 621 3202 assignando,
636 3140 699 3182 non
720 3138 957 3203 quamcunque,
978 3116 1034 3180 sed

181 3232 359 3312 praeimam
374 3251 428 3291 seu
443 3231 669 3293 immediatam.
716 3227 767 3292 Sic
783 3227 866 3292 enirn
887 3239 1034 3292 statuunt

184 3339 298 3425 Logici
322 3340 410 3426 quod
436 3343 581 3407 Solantia
609 3339 711 3403 omnis
735 3351 783 3404 est
811 3340 958 3422 Cognitio
986 3344 1034 3404 rei

182 3473 239 3535 per
247 3473 389 3529 caueam,
402 3451 455 3516 sed
468 3454 599 3534 proprie
607 3452 690 3516 dicta
703 3472 760 3537 per
771 3453 947 3534 propriam,
960 3451 993 3515 h.
1005 3476 1033 3516 e.

180 3565 381 3646 moniacam.-
406 3585 480 3627 nam
501 3583 559 3649 per
580 3574 734 3628 remotam
758 3563 828 3629 Car
848 3566 891 3629 sit
912 3561 1033 3651 aliqua-

568 3681 587 3720 n
600 3666 619 3721 b
632 3665 651 3720 2
