2412 4326
218 371 278 427 8³6
474 357 535 422 DE
558 355 818 420 SOLU'I'IONE

214 539 415 627 Respondeo,
445 559 502 600 uec
531 557 636 600 veram
672 557 729 600 nec
759 534 871 600 falsam
901 559 979 614 esse,
1010 535 1069 604 sed

212 642 292 708 nihil
324 638 508 726 significare,
543 637 602 700 nisi
635 635 758 722 aliquid
788 637 876 702 aliud
907 639 1070 727 respiciat,

213 744 301 830 quod
322 767 342 807 a
366 744 494 806 Socrate
516 751 590 803 aute
612 739 733 803 dictum
756 741 957 826 supponitur.
1004 745 1072 822 Qui

212 847 294 914 euim
313 845 435 933 profert
458 843 527 906 haec
542 842 649 916 verba,
666 844 815 908 Socrates
836 846 913 910 dicit
926 847 1069 931 solcum,

210 949 272 1014 fert
298 947 455 1035 judicium
486 944 526 1010 de
552 943 639 1015 dicto
663 945 819 1020 Socratis3
859 947 981 1033 quique
1002 950 1069 1016 fert

205 1049 377 1136 judicium,
410 1047 583 1112 necessario
617 1047 835 1132 praesupponit
868 1048 990 1134 aliquid
1024 1051 1069 1118 de

209 1176 275 1239 quo
304 1151 446 1239 judicet:
485 1148 583 1214 Unde
616 1171 689 1212 cum
729 1149 886 1214 sententia
922 1172 1067 1240 praesup-

207 1268 305 1342 ponat
342 1254 504 1340 objectum
541 1273 647 1326 suum,
684 1249 804 1314 clarum
847 1265 893 1316 est
931 1253 1066 1320 eandem

208 1381 340 1424 numero
370 1353 627 1444 propositionem,
650 1365 682 1417 et
713 1355 899 1419 sententiam
932 1369 965 1421 et
995 1357 1065 1445 ejus

206 1462 366 1547 objectum
389 1479 535 1522 essenon
559 1479 659 1542 posse.
705 1456 812 1533 Quare
826 1470 858 1521 et
876 1458 1063 1526 Scholarum

205 1561 365 1627 subtilitas
386 1560 438 1624 hic
460 1558 540 1624 nihil
563 1559 710 1644 proficit;
746 1559 890 1646 nihilque
911 1584 994 1648 opus
1013 1578 1062 1629 est

205 1664 298 1753 plura
313 1663 417 1727 dicere
433 1662 472 1726 de
489 1660 730 1726 lnsolubilibus.

247 1770 277 1832 5.
302 1767 466 1830 Facimus
490 1761 698 1840 Διαλανθάνων,
713 1761 763 1826 vel
787 1775 823 1827 ut
845 1764 898 1829 alii
919 1773 1061 1848 Διαλελη.

204 1868 264 1947 θῶς,
276 1869 316 1933 de
331 1869 354 1931 J
357 1879 522 1934 uramento
537 1864 620 1930 ludit
636 1865 716 1930 sicut
732 1867 900 1932 Mantiane
915 1870 955 1934 de
971 1873 1059 1938 nudi

202 1971 419 2035 affirmatione.
465 1971 506 2033 Ε.
522 1993 554 2052 g.
573 1971 637 2044 Qui
645 1971 743 2050 jurat
756 1990 789 2033 se
803 1970 931 2054 salsam
939 1975 1059 2054 jurare

202 2081 234 2138 et
239 2075 367 2159 salsum
379 2075 487 2154 jurat,
502 2093 573 2135 uere
587 2073 695 2151 jurat.
742 2070 848 2147 Quare
863 2072 973 2138 eodem
991 2075 1057 2141 fere

202 2175 297 2240 modo
312 2197 379 2261 quo
395 2177 563 2241 ruentum
577 2172 766 2260 explicatur.

199 2496 230 2582 ξ.
254 2496 282 2562 7.
349 2491 379 2558 6.
396 2506 428 2558 et
451 2495 483 2561 7.
499 2476 805 2569 0BVELATUS,
836 2495 898 2560 alio
928 2499 1056 2564 nomine

198 2599 377 2672 Euroram,
394 2607 442 2660 est
458 2596 606 2660 Fallacia
622 2619 643 2658 α
657 2597 738 2660 dicto
760 2601 934 2663 secundum
954 2601 1054 2681 Quia,

198 2705 240 2768 cci
259 2703 378 2766 dictam
399 2703 604 2783 Simpliciter.
651 2702 735 2766 Nam
758 2703 906 2791 colligere
928 2718 1055 2791 perten-

196 2808 257 2884 dit,
273 2804 360 2892 quod
383 2816 414 2868 et
438 2805 568 2868 Patrem
591 2804 695 2869 Filius
716 2817 748 2870 et
773 2807 868 2872 Soror
891 2808 1051 2890 Fratrem,

195 2911 227 2974 h.
243 2933 272 2972 e.
287 2907 417 2972 Electra
428 2908 572 2972 Orestem
585 2929 720 2991 promus
733 2909 862 2986 nesciat,
876 2911 902 2975 si
914 2913 1050 2978 eundem

194 3016 261 3079 celo
275 3013 444 3076 obductum
458 3032 491 3073 se
505 3009 624 3074 nescire
638 3009 790 3076 fateatur.

238 3117 269 3178 8.
294 3125 326 3178 et
350 3115 381 3181 9.
406 3111 610 3176 acuemus
636 3124 668 3176 et
696 3115 846 3194 Corvus,
870 3129 946 3182 sunt
967 3119 1052 3206 ejus-

195 3217 267 3282 dem
292 3214 500 3302 Sophismatis
522 3213 588 3278 duo
610 3227 736 3280 tantum
759 3218 913 3305 exempla.
961 3221 1000 3286 V.
1014 3245 1049 3306 g.

195 3321 229 3384 si
252 3331 382 3407 rogatus
407 3341 427 3381 a
447 3316 600 3402 sophisti,
624 3339 720 3405 neges
748 3332 781 3383 tc
812 3322 949 3387 Caicum
978 3324 1048 3390 fieri

193 3420 306 3484 amisso
327 3418 412 3483 crine
434 3441 510 3494 uno,
533 3418 672 3498 duobus,
695 3420 811 3500 tribus,
835 3437 867 3488 et
890 3424 934 3490 sic
956 3426 1046 3492 dein·

192 3541 266 3606 ceps
286 3521 328 3586 ad
350 3521 403 3595 99,
427 3519 483 3584 sed
505 3518 626 3586 amissis
647 3534 774 3588 centum
797 3525 971 3604 concedas,
995 3528 1046 3594 vel
