2404 4322
137 360 202 422 DE
220 361 457 424 MODORUM
473 361 911 434 DEMONSTRATIONE.
932 370 992 425 ret

235 602 267 690 ξ.
283 603 317 670 6.
351 607 404 670 De
418 606 588 670 Modormn
602 607 890 672 Demostratum.

136 736 312 832 ATQUE
328 777 435 818 omnes
449 753 580 840 quidem
595 755 637 818 24
650 766 780 820 eatenus
790 755 987 831 concludere,

137 864 226 952 quod
240 866 275 928 in
298 865 337 929 iis
351 865 569 930 convenientia
583 865 634 928 vel
653 864 818 931 dissidium
834 880 989 934 extremo-

136 999 210 1041 rum
231 988 319 1042 certo
337 991 434 1063 atque
456 975 627 1058 necessario
642 976 819 1064 colligetur,
835 1002 875 1043 ex
895 980 987 1044 Prin-

137 1087 228 1172 cipiis
246 1087 455 1174 Syllogisticis
471 1087 598 1154 abunde
614 1099 747 1152 constet.

182 1267 240 1326 For
258 1271 281 1326 it
295 1271 347 1328 has
368 1270 439 1328 been
453 1269 547 1328 before
560 1270 706 1338 observed,
723 1271 788 1328 thet
805 1291 887 1345 every
901 1271 986 1344 syllo-

142 1353 221 1426 gism
248 1352 283 1424 hy
304 1352 396 1408 which
424 1371 462 1407 an
490 1349 657 1408 affirmative
678 1353 842 1408 conclusion
868 1355 892 1408 is
912 1365 988 1409 estc-

141 1431 256 1488 blished
274 1434 298 1490 is
317 1451 355 1488 an
374 1430 594 1508 applicationes
610 1433 659 1488 the
672 1432 734 1489 first
747 1452 839 1490 canon
856 1452 887 1489 or
904 1451 990 1509 gene-

140 1513 185 1570 ral
205 1513 360 1589 principle;
383 1517 424 1588 (p.
447 1512 525 1586 143.)
538 1511 594 1568 end
614 1513 675 1570 thet
693 1533 775 1587 every
793 1516 940 1591 syllogism
958 1515 989 1570 in

143 1595 237 1650 which
257 1614 276 1650 a
297 1595 429 1669 negative
441 1594 605 1650 conclusion
623 1596 648 1650 is
668 1593 790 1653 inferred
803 1599 828 1653 is
841 1616 879 1654 en
898 1595 989 1673 appli-

140 1676 238 1732 cation
252 1673 285 1730 of
294 1675 344 1730 the
357 1673 461 1732 second
474 1692 577 1732 canon.
598 1677 637 1750 (p.
655 1675 735 1749 144.)

187 1834 280 1913 Quod
296 1839 412 1918 optimc
425 1837 620 1901 demonstrat
635 1834 823 1899 Aristoteles
844 1833 885 1898 ed
907 1832 993 1895 hunc

141 1948 283 2012 modum.

187 2058 308 2124 Statuit
337 2057 440 2144 primo
471 2057 660 2131 Theorema,
691 2053 779 2142 quod
810 2051 994 2118 Scholastici

142 2183 257 2236 vocant
273 2171 407 2234 Dictum
418 2172 457 2234 dc
469 2171 565 2234 Omni
579 2176 610 2233 et
624 2170 747 2242 Nullo,·
774 2165 840 2231 scil.
864 2171 886 2203 “
900 2161 994 2244 Quod

143 2290 165 2320 ‘⁴
180 2282 376 2369 praedicatur
393 2280 620 2346 Universaliter
639 2278 679 2344 de
694 2279 765 2358 alio,
783 2279 817 2360 (i.
833 2304 861 2344 e.
877 2279 917 2344 de
932 2291 994 2344 ter-

143 2397 167 2429 “
184 2391 271 2456 mino
292 2391 491 2475 distributo)
508 2391 573 2454 sive
596 2389 791 2464 affirmative,
814 2389 880 2454 sive
900 2411 995 2474 nega-

144 2508 168 2542 “
184 2503 260 2580 tive‚
281 2502 473 2589 praedieatur
496 2499 639 2566 similiter
660 2499 700 2563 de
714 2499 861 2564 omnibus
883 2497 995 2564 subeo

145 2621 168 2650 ‘⁶
182 2613 368 2680 contentis.”

190 2724 341 2790 Admisso
384 2724 442 2790 hoe
481 2725 691 2789 Theoremate
731 2723 833 2811 (quod
870 2725 996 2788 aetem

146 2851 258 2924 sponte
294 2837 495 2923 perspicuum
531 2841 594 2921 est)
624 2849 746 2903 constat
778 2859 853 2914 una,
883 2833 995 2900 modos

144 2962 287 3036 quatuor
311 2947 428 3034 priores
449 2949 483 3012 in
505 2947 606 3035 primd
628 2960 714 3012 certo
736 2960 833 3034 atque
858 2967 996 3011 necesso-

145 3060 194 3124 rio
220 3058 416 3123 concludere.
476 3059 560 3123 Nam
589 3082 698 3124 eorum
733 3059 831 3145 major
859 3054 997 3122 ostendit

148 3174 256 3254 majus
288 3179 463 3236 ectrcmum'
496 3171 662 3259 proedioari
693 3173 731 3236 de
763 3172 863 3234 medio
892 3169 997 3231 distri

150 3285 248 3354 teto·
280 3296 312 3348 et
339 3283 451 3360 minor,
477 3288 586 3348 minue
612 3291 786 3349 cctremum
812 3279 871 3344 sub
898 3279 997 3342 medio

152 3399 317 3462 contineri.

192 3557 254 3617 The
268 3558 330 3616 first
342 3557 432 3636 figure
444 3560 567 3618 consiste
580 3560 614 3694 i}
623 3560 673 3617 the
687 3556 860 3635 applicetion
873 3553 906 3614 ol
917 3537 996 3646 some

559 3655 581 3694 n
