2404 4322
440 311 724 378 GENERALES.
948 327 1005 379 lon

198 477 229 537 8.
254 472 288 537 Si
311 475 556 556 praemissarum
581 476 684 537 altero
715 477 927 557 particularis
952 482 1002 555 sit,
1023 528 1025 532 -

154 587 315 650 conelusio
329 605 459 669 quoque
471 587 683 668 particularis
696 597 755 650 est.
798 587 845 652 Sit
860 588 942 652 enim
961 591 1002 652 1⁰.

151 675 395 760 'Praemissarum
425 693 523 758 altera
559 695 760 781 particularis
793 696 1001 764 affirmativa:

92 875 96 882 ⁴
154 806 243 892 Ergo
257 807 291 870 in
306 803 364 868 ills
387 827 444 868 nec
466 817 645 870 extremum
668 829 761 870 suum
784 831 841 873 nec
861 811 1001 875 medium

152 915 377 981 distribuitur:
405 914 492 1001 Ergo
510 916 649 981 medium
669 916 875 985 distribuitur
894 921 928 984 in
953 946 1001 986 re-

150 1026 253 1114 liquit,
281 1050 355 1114 quae
381 1028 477 1091 etiam
503 1027 699 1093 Universalis
724 1042 782 1106 est,
807 1031 911 1117 sitque
940 1031 1002 1116 (l.)

152 1136 373 1202 Affirmntiva:
410 1139 499 1224 Ergo
521 1137 554 1201 iu
577 1137 633 1202 illh
657 1138 796 1204 medium
821 1143 999 1228 subjicitur,

151 1263 186 1314 et
209 1261 387 1314 extremum
409 1251 514 1315 medio
537 1250 730 1315 attributum
750 1274 816 1316 non
841 1255 1002 1318 distribui-

154 1369 234 1425 tm.-
267 1359 352 1448 Ergo
378 1370 534 1426 neutrum
548 1413 549 1416 η
563 1370 773 1426 entremomm
800 1365 1004 1429 distribuitur

152 1467 187 1530 in
214 1468 401 1554 praemissis:
431 1467 519 1554 Ergo
545 1475 698 1533 neutrum
723 1467 755 1532 in
784 1469 998 1534 conclusione:

154 1577 244 1662 Ergo
258 1579 419 1643 conclusio
433 1578 632 1666 particularis
647 1578 834 1644 affirmativa
849 1594 906 1646 est.
952 1584 999 1647 Sit

153 1691 216 1773 (2.)
241 1690 420 1776 Negativa:
457 1688 544 1774 Ergo
570 1688 728 1754 conclusio
753 1693 919 1775 negativa:
944 1695 1000 1758 sed

151 1800 248 1865 debet
263 1800 380 1864 habere
394 1813 573 1865 extremum
587 1822 654 1864 non
668 1803 891 1866 distributum:
914 1801 1001 1888 Ergo

151 1911 353 1998 particularis
368 1911 515 1996 negativa
530 1923 589 1975 est.

198 2022 247 2087 sit
272 2025 312 2085 2⁰.
347 2023 585 2087 Praemisserum
602 2022 701 2086 altera
722 2022 922 2108 particularis
950 2047 1001 2088 ne-

150 2135 278 2220 gativa:
313 2133 399 2220 Ergo
424 2133 547 2220 reliqua
571 2134 766 2198 Universalis
791 2134 997 2202 affirmativa:

153 2245 243 2332 Ergo
265 2246 297 2308 in
318 2245 487 2332 praemissis
509 2245 575 2310 duo
596 2257 721 2310 tantum
744 2247 868 2312 termini
894 2248 1000 2313 distri-

150 2360 318 2422 buuntur:
346 2355 432 2443 Ergo
454 2356 611 2420 conclusio
629 2357 724 2423 hebet
739 2371 916 2424 extremum
932 2384 998 2425 non

151 2471 380 2534 distributum:
409 2466 497 2554 Ergo
512 2491 583 2532 curn
599 2468 746 2555 negativa
761 2469 813 2546 sit,
828 2470 887 2535 erit
902 2471 997 2536 etiarn

150 2579 362 2667 particularis.

192 2752 223 2810 lf
238 2773 293 2812 one
315 2752 349 2810 ol
367 2753 415 2811 the
434 2756 569 2830 promises
589 2757 623 2814 be
645 2756 821 2832 particular,
844 2758 894 2815 the
915 2761 996 2817 other

149 2846 228 2892 must
242 2837 277 2894 be
290 2833 443 2893 universal.

190 2915 254 2974 The
267 2917 423 2992 particular
436 2918 554 2992 promise
568 2930 645 2975 must
665 2920 699 2976 be
719 2921 810 2977 either
824 2916 996 2992 affirmative

148 3017 180 3054 or
194 2998 336 3074 neyntive.
373 2997 402 3054 If
418 2999 442 3052 it
460 2996 496 3056 be
509 2997 690 3072 affirmative,
705 3000 754 3057 the
767 3000 912 3058 universal
933 3021 996 3077 prc-

149 3081 221 3136 miss
240 3097 307 3151 may
331 3080 365 3137 be
385 3077 476 3136 either
498 3077 664 3137 affirmative
686 3099 716 3136 or
737 3081 880 3156 negative.
924 3079 953 3139 lf
972 3084 997 3138 it

148 3161 184 3216 be
198 3163 342 3235 neqotive,
357 3162 406 3216 the
424 3159 566 3215 universal
583 3160 701 3236 premiss
720 3172 797 3218 must
815 3162 850 3217 he
874 3159 996 3218 affirma-

149 3241 215 3299 tive.
261 3238 360 3298 Hence
386 3240 459 3297 arise
482 3240 561 3296 three
585 3239 671 3297 forms
697 3241 726 3297 in
748 3242 841 3299 which
863 3242 912 3299 tho
932 3262 995 3320 pre·

149 3323 237 3378 nrises
258 3341 324 3390 may
338 3340 441 3389 occur;
463 3322 587 3393 namely‚
605 3320 661 3394 (l.)
679 3322 713 3379 A.
729 3319 750 3377 l.
769 3341 800 3378 or
820 3317 910 3390 1.A.;
935 3323 993 3400 (2.)

151 3399 185 3460 E.
199 3399 237 3468 l.;
262 3402 320 3458 and
335 3403 391 3476 (3.)
410 3405 443 3459 A.
458 3398 496 3459 Ο.
511 3420 542 3457 or
556 3399 593 3459 Ο.
610 3401 645 3456 Α.

188 3525 243 3603 (l.)
266 3524 296 3583 li
306 3526 354 3585 the
367 3525 503 3616 promises
517 3545 565 3586 ore
575 3526 644 3585 both
658 3524 824 3586 affirmative
832 3543 842 3598 ς
863 3527 912 3588 the
932 3551 996 3609 per-
