<?xml version="1.0" encoding="UTF-8"?>
<!DOCTYPE html PUBLIC "-//W3C//DTD XHTML 1.0 Transitional//EN"
    "http://www.w3.org/TR/xhtml1/DTD/xhtml1-transitional.dtd">
<html xmlns="http://www.w3.org/1999/xhtml" xml:lang="en" lang="en">
 <head>
  <title>
</title>
<meta http-equiv="Content-Type" content="text/html;charset=utf-8" />
  <meta name='ocr-system' content='tesseract 3.04.00' />
  <meta name='ocr-capabilities' content='ocr_page ocr_carea ocr_par ocr_line ocrx_word'/>
</head>
<body>
  <div class='ocr_page' id='page_1' title='image "./artislogicarudi00aldrgoog_0295.png"; bbox 0 0 2424 4330; ppageno 0'>
   <div class='ocr_carea' id='block_1_1' title="bbox 179 380 830 456">
    <p class='ocr_par' dir='ltr' id='par_1_1' title="bbox 179 380 830 456">
     <span class='ocr_line' id='line_1_1' title="bbox 179 380 830 456; baseline -0.025 1"><span class='ocrx_word' id='word_1_1' title='bbox 179 399 241 456; x_wconf 72' lang='lat'>282</span> <span class='ocrx_word' id='word_1_2' title='bbox 383 380 830 452; x_wconf 77' lang='lat' dir='ltr'>DEMONSTRATIONIS</span> 
     </span>
    </p>
   </div>
   <div class='ocr_carea' id='block_1_2' title="bbox 187 543 1045 1090">
    <p class='ocr_par' dir='ltr' id='par_1_2' title="bbox 187 543 1042 733">
     <span class='ocr_line' id='line_1_2' title="bbox 187 543 1042 634; baseline -0.016 -13"><span class='ocrx_word' id='word_1_3' title='bbox 187 568 280 621; x_wconf 88' lang='lat' dir='ltr'>tenus</span> <span class='ocrx_word' id='word_1_4' title='bbox 294 550 490 620; x_wconf 82' lang='lat' dir='ltr'>ostenditur:</span> <span class='ocrx_word' id='word_1_5' title='bbox 513 546 593 613; x_wconf 93' lang='lat' dir='ltr'>nihil</span> <span class='ocrx_word' id='word_1_6' title='bbox 614 545 751 634; x_wconf 84' lang='lat' dir='ltr'>amplius</span> <span class='ocrx_word' id='word_1_7' title='bbox 770 551 865 629; x_wconf 80' lang='lat' dir='ltr'>quam</span> <span class='ocrx_word' id='word_1_8' title='bbox 892 543 986 618; x_wconf 79' lang='lat' dir='ltr'>Quod</span> <span class='ocrx_word' id='word_1_9' title='bbox 999 545 1042 607; x_wconf 70' lang='lat' dir='ltr'>stt</span> 
     </span>
     <span class='ocr_line' id='line_1_3' title="bbox 189 668 434 733; baseline -0.033 0"><span class='ocrx_word' id='word_1_10' title='bbox 189 668 434 733; x_wconf 88' lang='lat' dir='ltr'>demonstratur.</span> 
     </span>
    </p>

    <p class='ocr_par' dir='ltr' id='par_1_3' title="bbox 190 765 1045 1090">
     <span class='ocr_line' id='line_1_4' title="bbox 232 765 1044 862; baseline -0.017 -20"><span class='ocrx_word' id='word_1_11' title='bbox 232 777 413 862; x_wconf 85' lang='lat' dir='ltr'><strong>Utriusque</strong></span> <span class='ocrx_word' id='word_1_12' title='bbox 438 773 559 859; x_wconf 84' lang='lat' dir='ltr'>Speciei</span> <span class='ocrx_word' id='word_1_13' title='bbox 585 770 727 835; x_wconf 90' lang='lat' dir='ltr'>membra</span> <span class='ocrx_word' id='word_1_14' title='bbox 749 767 853 854; x_wconf 85' lang='lat' dir='ltr'>gradu</span> <span class='ocrx_word' id='word_1_15' title='bbox 878 765 1044 832; x_wconf 86' lang='lat' dir='ltr'>differunt.</span> 
     </span>
     <span class='ocr_line' id='line_1_5' title="bbox 191 878 1045 972; baseline -0.013 -19"><span class='ocrx_word' id='word_1_16' title='bbox 191 891 274 953; x_wconf 90' lang='lat' dir='ltr'>Nam</span> <span class='ocrx_word' id='word_1_17' title='bbox 310 886 441 972; x_wconf 89' lang='lat' dir='ltr'>obliqua</span> <span class='ocrx_word' id='word_1_18' title='bbox 474 879 515 947; x_wconf 75' lang='lat' dir='ltr'>dn</span> <span class='ocrx_word' id='word_1_19' title='bbox 544 895 592 948; x_wconf 89' lang='lat' dir='ltr'>est</span> <span class='ocrx_word' id='word_1_20' title='bbox 629 880 765 946; x_wconf 86' lang='lat' dir='ltr'>deterior</span> <span class='ocrx_word' id='word_1_21' title='bbox 802 878 935 956; x_wconf 64' lang='lat' dir='ltr'>directa,</span> <span class='ocrx_word' id='word_1_22' title='bbox 965 878 1045 965; x_wconf 90' lang='lat' dir='ltr'>quia</span> 
     </span>
     <span class='ocr_line' id='line_1_6' title="bbox 190 986 1044 1090; baseline -0.013 -27"><span class='ocrx_word' id='word_1_23' title='bbox 190 1021 258 1090; x_wconf 87' lang='lat' dir='ltr'>non</span> <span class='ocrx_word' id='word_1_24' title='bbox 283 995 478 1061; x_wconf 88' lang='lat' dir='ltr'>demonstrat</span> <span class='ocrx_word' id='word_1_25' title='bbox 507 1016 572 1058; x_wconf 80' lang='lat' dir='ltr'>rem</span> <span class='ocrx_word' id='word_1_26' title='bbox 602 996 651 1057; x_wconf 83' lang='lat' dir='ltr'>itu</span> <span class='ocrx_word' id='word_1_27' title='bbox 679 1013 754 1066; x_wconf 78' lang='lat' dir='ltr'>esee,</span> <span class='ocrx_word' id='word_1_28' title='bbox 784 989 845 1052; x_wconf 83' lang='lat' dir='ltr'>nisi</span> <span class='ocrx_word' id='word_1_29' title='bbox 882 986 1044 1074; x_wconf 62' lang='lat' dir='ltr'>quatenus</span> 
     </span>
    </p>
   </div>
   <div class='ocr_carea' id='block_1_3' title="bbox 191 1099 1048 1854">
    <p class='ocr_par' dir='ltr' id='par_1_4' title="bbox 191 1099 1045 1528">
     <span class='ocr_line' id='line_1_7' title="bbox 191 1099 1045 1186; baseline -0.012 -14"><span class='ocrx_word' id='word_1_30' title='bbox 191 1109 283 1174; x_wconf 84' lang='lat' dir='ltr'>donet</span> <span class='ocrx_word' id='word_1_31' title='bbox 312 1129 381 1172; x_wconf 86' lang='lat' dir='ltr'>eam</span> <span class='ocrx_word' id='word_1_32' title='bbox 404 1109 554 1171; x_wconf 75' lang='lat' dir='ltr'>aliterue</span> <span class='ocrx_word' id='word_1_33' title='bbox 578 1106 690 1168; x_wconf 79' lang='lat' dir='ltr'>habere</span> <span class='ocrx_word' id='word_1_34' title='bbox 714 1123 781 1166; x_wconf 82' lang='lat' dir='ltr'>non</span> <span class='ocrx_word' id='word_1_35' title='bbox 806 1122 920 1185; x_wconf 70' lang='lat' dir='ltr'>potae,-</span> <span class='ocrx_word' id='word_1_36' title='bbox 954 1099 1045 1186; x_wconf 91' lang='lat' dir='ltr'>quod</span> 
     </span>
     <span class='ocr_line' id='line_1_8' title="bbox 191 1209 1044 1293; baseline -0.015 -8"><span class='ocrx_word' id='word_1_37' title='bbox 191 1219 317 1285; x_wconf 90' lang='lat' dir='ltr'>tametsi</span> <span class='ocrx_word' id='word_1_38' title='bbox 353 1217 463 1283; x_wconf 92' lang='lat' dir='ltr'>eodem</span> <span class='ocrx_word' id='word_1_39' title='bbox 500 1215 620 1293; x_wconf 89' lang='lat' dir='ltr'>redeat,</span> <span class='ocrx_word' id='word_1_40' title='bbox 656 1225 761 1278; x_wconf 89' lang='lat' dir='ltr'>tamen</span> <span class='ocrx_word' id='word_1_41' title='bbox 797 1211 902 1275; x_wconf 89' lang='lat' dir='ltr'>animo</span> <span class='ocrx_word' id='word_1_42' title='bbox 938 1209 1044 1274; x_wconf 90' lang='lat' dir='ltr'>miuus</span> 
     </span>
     <span class='ocr_line' id='line_1_9' title="bbox 193 1320 1043 1414; baseline -0.014 -16"><span class='ocrx_word' id='word_1_43' title='bbox 193 1330 366 1405; x_wconf 82' lang='lat' dir='ltr'>satisfacit3</span> <span class='ocrx_word' id='word_1_44' title='bbox 391 1352 464 1393; x_wconf 90' lang='lat' dir='ltr'>nam</span> <span class='ocrx_word' id='word_1_45' title='bbox 484 1328 511 1392; x_wconf 90' lang='lat' dir='ltr'>si</span> <span class='ocrx_word' id='word_1_46' title='bbox 533 1350 590 1414; x_wconf 91' lang='lat' dir='ltr'>par</span> <span class='ocrx_word' id='word_1_47' title='bbox 606 1327 647 1390; x_wconf 93' lang='lat' dir='ltr'>sit</span> <span class='ocrx_word' id='word_1_48' title='bbox 667 1323 838 1409; x_wconf 85' lang='lat' dir='ltr'>utrobique</span> <span class='ocrx_word' id='word_1_49' title='bbox 862 1320 1043 1398; x_wconf 84' lang='lat' dir='ltr'>certitudo,</span> 
     </span>
     <span class='ocr_line' id='line_1_10' title="bbox 193 1435 789 1528; baseline -0.013 -24"><span class='ocrx_word' id='word_1_50' title='bbox 193 1441 291 1528; x_wconf 81' lang='lat' dir='ltr'>hujus</span> <span class='ocrx_word' id='word_1_51' title='bbox 306 1452 411 1505; x_wconf 86' lang='lat' dir='ltr'>tamen</span> <span class='ocrx_word' id='word_1_52' title='bbox 426 1437 529 1502; x_wconf 94' lang='lat' dir='ltr'>miuor</span> <span class='ocrx_word' id='word_1_53' title='bbox 544 1435 717 1500; x_wconf 88' lang='lat' dir='ltr'>Evidentia</span> <span class='ocrx_word' id='word_1_54' title='bbox 730 1447 789 1499; x_wconf 89' lang='lat' dir='ltr'>est.</span> 
     </span>
    </p>

    <p class='ocr_par' dir='ltr' id='par_1_5' title="bbox 194 1544 1048 1854">
     <span class='ocr_line' id='line_1_11' title="bbox 237 1544 1046 1632; baseline -0.007 -19"><span class='ocrx_word' id='word_1_55' title='bbox 237 1551 347 1616; x_wconf 83' lang='lat' dir='ltr'>Habet</span> <span class='ocrx_word' id='word_1_56' title='bbox 362 1561 394 1613; x_wconf 91' lang='lat' dir='ltr'>et</span> <span class='ocrx_word' id='word_1_57' title='bbox 410 1545 490 1610; x_wconf 75' lang='lat' dir='ltr'>Atdrr</span> <span class='ocrx_word' id='word_1_58' title='bbox 506 1569 579 1610; x_wconf 88' lang='lat' dir='ltr'>suos</span> <span class='ocrx_word' id='word_1_59' title='bbox 593 1544 713 1632; x_wconf 85' lang='lat' dir='ltr'>gradus</span> <span class='ocrx_word' id='word_1_60' title='bbox 726 1570 735 1619; x_wconf 92' lang='lat'>;</span> <span class='ocrx_word' id='word_1_61' title='bbox 759 1545 836 1631; x_wconf 84' lang='lat' dir='ltr'>quia</span> <span class='ocrx_word' id='word_1_62' title='bbox 850 1554 955 1631; x_wconf 90' lang='lat' dir='ltr'>potest</span> <span class='ocrx_word' id='word_1_63' title='bbox 977 1567 1046 1608; x_wconf 90' lang='lat' dir='ltr'>esse</span> 
     </span>
     <span class='ocr_line' id='line_1_12' title="bbox 194 1655 1047 1746; baseline -0.008 -20"><span class='ocrx_word' id='word_1_64' title='bbox 194 1684 290 1726; x_wconf 85' lang='lat' dir='ltr'>causa</span> <span class='ocrx_word' id='word_1_65' title='bbox 311 1659 457 1746; x_wconf 85' lang='lat' dir='ltr'>proxima</span> <span class='ocrx_word' id='word_1_66' title='bbox 472 1681 545 1744; x_wconf 86' lang='lat' dir='ltr'>quae</span> <span class='ocrx_word' id='word_1_67' title='bbox 566 1679 629 1721; x_wconf 91' lang='lat' dir='ltr'>non</span> <span class='ocrx_word' id='word_1_68' title='bbox 648 1673 695 1720; x_wconf 87' lang='lat' dir='ltr'>est</span> <span class='ocrx_word' id='word_1_69' title='bbox 713 1660 832 1739; x_wconf 66' lang='lat' dir='ltr'>patrna,</span> <span class='ocrx_word' id='word_1_70' title='bbox 849 1655 880 1719; x_wconf 92' lang='lat' dir='ltr'>b.</span> <span class='ocrx_word' id='word_1_71' title='bbox 896 1679 923 1720; x_wconf 88' lang='lat' dir='ltr'>e.</span> <span class='ocrx_word' id='word_1_72' title='bbox 940 1678 998 1742; x_wconf 90' lang='lat' dir='ltr'>per</span> <span class='ocrx_word' id='word_1_73' title='bbox 1013 1679 1047 1720; x_wconf 87' lang='lat' dir='ltr'>se</span> 
     </span>
     <span class='ocr_line' id='line_1_13' title="bbox 194 1766 1048 1854; baseline -0.007 -18"><span class='ocrx_word' id='word_1_74' title='bbox 194 1783 271 1836; x_wconf 92' lang='lat' dir='ltr'>nota</span> <span class='ocrx_word' id='word_1_75' title='bbox 285 1783 317 1836; x_wconf 91' lang='lat' dir='ltr'>et</span> <span class='ocrx_word' id='word_1_76' title='bbox 336 1768 644 1835; x_wconf 87' lang='lat' dir='ltr'>indemonstrabilis:</span> <span class='ocrx_word' id='word_1_77' title='bbox 667 1768 759 1854; x_wconf 90' lang='lat' dir='ltr'>cujus</span> <span class='ocrx_word' id='word_1_78' title='bbox 780 1766 852 1830; x_wconf 91' lang='lat' dir='ltr'>ideo</span> <span class='ocrx_word' id='word_1_79' title='bbox 873 1767 1048 1853; x_wconf 83' lang='lat' dir='ltr'>praefertur</span> 
     </span>
    </p>
   </div>
   <div class='ocr_carea' id='block_1_4' title="bbox 195 1878 1046 2075">
    <p class='ocr_par' dir='ltr' id='par_1_6' title="bbox 195 1878 1046 2075">
     <span class='ocr_line' id='line_1_14' title="bbox 195 1878 1046 1968; baseline -0.007 -20"><span class='ocrx_word' id='word_1_80' title='bbox 195 1882 377 1959; x_wconf 87' lang='lat' dir='ltr'>Evidentia,</span> <span class='ocrx_word' id='word_1_81' title='bbox 393 1882 470 1968; x_wconf 88' lang='lat' dir='ltr'>quia</span> <span class='ocrx_word' id='word_1_82' title='bbox 486 1879 611 1962; x_wconf 88' lang='lat' dir='ltr'>(contra</span> <span class='ocrx_word' id='word_1_83' title='bbox 631 1901 726 1965; x_wconf 91' lang='lat' dir='ltr'>quam</span> <span class='ocrx_word' id='word_1_84' title='bbox 747 1881 885 1963; x_wconf 86' lang='lat' dir='ltr'>caeterae)</span> <span class='ocrx_word' id='word_1_85' title='bbox 902 1880 961 1942; x_wconf 69' lang='lat' dir='ltr'>sud</span> <span class='ocrx_word' id='word_1_86' title='bbox 974 1878 1046 1944; x_wconf 82' lang='lat' dir='ltr'>luce</span> 
     </span>
     <span class='ocr_line' id='line_1_15' title="bbox 195 1982 1045 2075; baseline -0.005 -23"><span class='ocrx_word' id='word_1_87' title='bbox 195 2001 242 2054; x_wconf 84' lang='lat' dir='ltr'>est</span> <span class='ocrx_word' id='word_1_88' title='bbox 268 1987 448 2075; x_wconf 87' lang='lat' dir='ltr'>conspicua,</span> <span class='ocrx_word' id='word_1_89' title='bbox 472 1998 504 2051; x_wconf 93' lang='lat' dir='ltr'>et</span> <span class='ocrx_word' id='word_1_90' title='bbox 526 1985 606 2050; x_wconf 89' lang='lat' dir='ltr'>nihil</span> <span class='ocrx_word' id='word_1_91' title='bbox 627 1983 749 2070; x_wconf 83' lang='lat' dir='ltr'>indiget</span> <span class='ocrx_word' id='word_1_92' title='bbox 769 1982 879 2048; x_wconf 68' lang='lat' dir='ltr'>alienia.</span> <span class='ocrx_word' id='word_1_93' title='bbox 926 1987 1045 2063; x_wconf 83' lang='lat' dir='ltr'>Quare,</span> 
     </span>
    </p>
   </div>
   <div class='ocr_carea' id='block_1_5' title="bbox 87 2095 1052 3405">
    <p class='ocr_par' dir='ltr' id='par_1_7' title="bbox 196 2095 1047 2287">
     <span class='ocr_line' id='line_1_16' title="bbox 196 2095 1047 2186; baseline -0.002 -22"><span class='ocrx_word' id='word_1_94' title='bbox 196 2123 270 2186; x_wconf 88' lang='lat' dir='ltr'>quae</span> <span class='ocrx_word' id='word_1_95' title='bbox 285 2099 365 2163; x_wconf 88' lang='lat' dir='ltr'>hano</span> <span class='ocrx_word' id='word_1_96' title='bbox 385 2097 516 2162; x_wconf 84' lang='lat' dir='ltr'>adhibet</span> <span class='ocrx_word' id='word_1_97' title='bbox 538 2119 665 2162; x_wconf 86' lang='lat' dir='ltr'>causam</span> <span class='ocrx_word' id='word_1_98' title='bbox 689 2095 926 2172; x_wconf 81' lang='lat' dir='ltr'>demonstratio,</span> <span class='ocrx_word' id='word_1_99' title='bbox 943 2109 975 2162; x_wconf 91' lang='lat' dir='ltr'>et</span> <span class='ocrx_word' id='word_1_100' title='bbox 990 2097 1047 2162; x_wconf 91' lang='lat' dir='ltr'>ba-</span> 
     </span>
     <span class='ocr_line' id='line_1_17' title="bbox 196 2208 741 2287; baseline -0.011 -13"><span class='ocrx_word' id='word_1_101' title='bbox 196 2211 303 2287; x_wconf 87' lang='lat' dir='ltr'>betur,</span> <span class='ocrx_word' id='word_1_102' title='bbox 319 2221 350 2274; x_wconf 86' lang='lat' dir='ltr'>et</span> <span class='ocrx_word' id='word_1_103' title='bbox 365 2208 546 2272; x_wconf 90' lang='lat' dir='ltr'>nominatur</span> <span class='ocrx_word' id='word_1_104' title='bbox 561 2209 741 2274; x_wconf 80' lang='lat' dir='ltr'>Potiaaima.</span> 
     </span>
    </p>

    <p class='ocr_par' dir='ltr' id='par_1_8' title="bbox 194 2318 1051 2628">
     <span class='ocr_line' id='line_1_18' title="bbox 241 2318 1048 2405; baseline 0 -22"><span class='ocrx_word' id='word_1_105' title='bbox 241 2321 323 2384; x_wconf 88' lang='lat' dir='ltr'>Sunt</span> <span class='ocrx_word' id='word_1_106' title='bbox 353 2318 453 2404; x_wconf 86' lang='lat' dir='ltr'>igitur</span> <span class='ocrx_word' id='word_1_107' title='bbox 478 2342 517 2382; x_wconf 86' lang='lat' dir='ltr'>ex</span> <span class='ocrx_word' id='word_1_108' title='bbox 548 2330 652 2382; x_wconf 92' lang='lat' dir='ltr'>mente</span> <span class='ocrx_word' id='word_1_109' title='bbox 683 2318 875 2405; x_wconf 83' lang='lat' dir='ltr'>Logicorum</span> <span class='ocrx_word' id='word_1_110' title='bbox 907 2320 1048 2383; x_wconf 90' lang='lat' dir='ltr'>Demon-</span> 
     </span>
     <span class='ocr_line' id='line_1_19' title="bbox 194 2430 1048 2517; baseline 0 -22"><span class='ocrx_word' id='word_1_111' title='bbox 194 2431 319 2496; x_wconf 82' lang='lat' dir='ltr'>&#39;strandi</span> <span class='ocrx_word' id='word_1_112' title='bbox 356 2441 496 2517; x_wconf 88' lang='lat' dir='ltr'>quatuor</span> <span class='ocrx_word' id='word_1_113' title='bbox 528 2430 634 2506; x_wconf 88' lang='lat' dir='ltr'>modi;</span> <span class='ocrx_word' id='word_1_114' title='bbox 673 2453 810 2517; x_wconf 89' lang='lat' dir='ltr'>quorum</span> <span class='ocrx_word' id='word_1_115' title='bbox 846 2430 926 2495; x_wconf 87' lang='lat' dir='ltr'>alter</span> <span class='ocrx_word' id='word_1_116' title='bbox 955 2430 1048 2496; x_wconf 88' lang='lat' dir='ltr'>alteri</span> 
     </span>
     <span class='ocr_line' id='line_1_20' title="bbox 197 2539 1051 2628; baseline 0.005 -23"><span class='ocrx_word' id='word_1_117' title='bbox 197 2539 368 2618; x_wconf 67' lang='lat' dir='ltr'>evidentid,</span> <span class='ocrx_word' id='word_1_118' title='bbox 400 2541 543 2627; x_wconf 86' lang='lat' dir='ltr'>adeoque</span> <span class='ocrx_word' id='word_1_119' title='bbox 572 2539 739 2626; x_wconf 87' lang='lat' dir='ltr'>dignitate,</span> <span class='ocrx_word' id='word_1_120' title='bbox 770 2553 910 2628; x_wconf 77' lang='lat' dir='ltr'>praestat.</span> <span class='ocrx_word' id='word_1_121' title='bbox 961 2541 1051 2608; x_wconf 75' lang='lat' dir='ltr'>Volet</span> 
     </span>
    </p>

    <p class='ocr_par' dir='ltr' id='par_1_9' title="bbox 87 2651 1052 3405">
     <span class='ocr_line' id='line_1_21' title="bbox 87 2651 1049 2740; baseline 0.006 -26"><span class='ocrx_word' id='word_1_122' title='bbox 87 2734 88 2738; x_wconf 6' lang='grc' dir='ltr'><strong>Ἰ</strong></span> <span class='ocrx_word' id='word_1_123' title='bbox 198 2651 436 2717; x_wconf 87' lang='lat' dir='ltr'>Demonstratio</span> <span class='ocrx_word' id='word_1_124' title='bbox 472 2651 624 2738; x_wconf 90' lang='lat' dir='ltr'>obliqua;</span> <span class='ocrx_word' id='word_1_125' title='bbox 659 2655 779 2718; x_wconf 66' lang='lat' dir='ltr'>Potens</span> <span class='ocrx_word' id='word_1_126' title='bbox 811 2668 858 2719; x_wconf 89' lang='lat' dir='ltr'>est</span> <span class='ocrx_word' id='word_1_127' title='bbox 895 2655 1049 2740; x_wconf 85' lang='lat' dir='ltr'>quaelibet</span> 
     </span>
     <span class='ocr_line' id='line_1_22' title="bbox 199 2762 1050 2854; baseline 0.008 -28"><span class='ocrx_word' id='word_1_128' title='bbox 199 2762 351 2837; x_wconf 89' lang='lat' dir='ltr'>Directa;</span> <span class='ocrx_word' id='word_1_129' title='bbox 384 2763 493 2828; x_wconf 81' lang='lat' dir='ltr'>Potior</span> <span class='ocrx_word' id='word_1_130' title='bbox 517 2785 592 2850; x_wconf 84' lang='lat' dir='ltr'>quae</span> <span class='ocrx_word' id='word_1_131' title='bbox 621 2786 678 2850; x_wconf 91' lang='lat' dir='ltr'>per</span> <span class='ocrx_word' id='word_1_132' title='bbox 704 2789 829 2830; x_wconf 89' lang='lat' dir='ltr'>causam</span> <span class='ocrx_word' id='word_1_133' title='bbox 856 2768 1050 2854; x_wconf 86' lang='lat' dir='ltr'>proximam,</span> 
     </span>
     <span class='ocr_line' id='line_1_23' title="bbox 199 2873 1051 2966; baseline 0.005 -26"><span class='ocrx_word' id='word_1_134' title='bbox 199 2877 370 2940; x_wconf 80' lang='lat' dir='ltr'>Potiaaima</span> <span class='ocrx_word' id='word_1_135' title='bbox 385 2897 458 2961; x_wconf 84' lang='lat' dir='ltr'>quae</span> <span class='ocrx_word' id='word_1_136' title='bbox 473 2895 529 2961; x_wconf 89' lang='lat' dir='ltr'>per</span> <span class='ocrx_word' id='word_1_137' title='bbox 543 2873 677 2961; x_wconf 87' lang='lat' dir='ltr'>primam</span> <span class='ocrx_word' id='word_1_138' title='bbox 693 2876 899 2943; x_wconf 88' lang='lat' dir='ltr'>demonstrat.</span> <span class='ocrx_word' id='word_1_139' title='bbox 936 2877 1051 2966; x_wconf 91' lang='lat' dir='ltr'>Hujus</span> 
     </span>
     <span class='ocr_line' id='line_1_24' title="bbox 199 2985 1052 3071; baseline 0.009 -21"><span class='ocrx_word' id='word_1_140' title='bbox 199 3001 246 3052; x_wconf 90' lang='lat' dir='ltr'>est</span> <span class='ocrx_word' id='word_1_141' title='bbox 261 2985 393 3071; x_wconf 85' lang='lat' dir='ltr'>vulgata</span> <span class='ocrx_word' id='word_1_142' title='bbox 416 2986 470 3051; x_wconf 87' lang='lat' dir='ltr'>illa</span> <span class='ocrx_word' id='word_1_143' title='bbox 488 2986 652 3064; x_wconf 88' lang='lat' dir='ltr'>Definitio,</span> <span class='ocrx_word' id='word_1_144' title='bbox 669 2989 877 3070; x_wconf 72' lang='lat' dir='ltr'>Sylbgtrmua</span> <span class='ocrx_word' id='word_1_145' title='bbox 898 3000 1052 3058; x_wconf 75' lang='lat' dir='ltr'>mortona</span> 
     </span>
     <span class='ocr_line' id='line_1_25' title="bbox 199 3099 1052 3185; baseline 0.011 -24"><span class='ocrx_word' id='word_1_146' title='bbox 199 3101 292 3176; x_wconf 71' lang='lat' dir='ltr'>verit,</span> <span class='ocrx_word' id='word_1_147' title='bbox 315 3101 439 3180; x_wconf 80' lang='lat' dir='ltr'>primia,</span> <span class='ocrx_word' id='word_1_148' title='bbox 454 3099 654 3176; x_wconf 59' lang='lat' dir='ltr'>immediatae,</span> <span class='ocrx_word' id='word_1_149' title='bbox 676 3103 859 3177; x_wconf 76' lang='lat' dir='ltr'>notioribus,</span> <span class='ocrx_word' id='word_1_150' title='bbox 874 3105 1052 3185; x_wconf 61' lang='lat' dir='ltr'>prioribus,</span> 
     </span>
     <span class='ocr_line' id='line_1_26' title="bbox 199 3210 1052 3296; baseline 0.006 -23"><span class='ocrx_word' id='word_1_151' title='bbox 199 3218 230 3273; x_wconf 83' lang='lat' dir='ltr'>et</span> <span class='ocrx_word' id='word_1_152' title='bbox 251 3212 359 3274; x_wconf 74' lang='lat' dir='ltr'>cuneis</span> <span class='ocrx_word' id='word_1_153' title='bbox 380 3210 610 3274; x_wconf 80' lang='lat' dir='ltr'>Concluaiont‘a</span> <span class='ocrx_word' id='word_1_154' title='bbox 656 3210 861 3296; x_wconf 82' lang='lat' dir='ltr'>Exemplum,</span> <span class='ocrx_word' id='word_1_155' title='bbox 882 3212 943 3278; x_wconf 91' lang='lat' dir='ltr'>nisi</span> <span class='ocrx_word' id='word_1_156' title='bbox 965 3213 1052 3278; x_wconf 85' lang='lat' dir='ltr'>forte</span> 
     </span>
     <span class='ocr_line' id='line_1_27' title="bbox 200 3318 1051 3405; baseline 0.009 -24"><span class='ocrx_word' id='word_1_157' title='bbox 200 3319 288 3405; x_wconf 86' lang='lat' dir='ltr'>apud</span> <span class='ocrx_word' id='word_1_158' title='bbox 304 3318 560 3399; x_wconf 74' lang='lat' dir='ltr'>MathematiooS,</span> <span class='ocrx_word' id='word_1_159' title='bbox 575 3341 616 3382; x_wconf 89' lang='lat' dir='ltr'>an</span> <span class='ocrx_word' id='word_1_160' title='bbox 637 3319 759 3404; x_wconf 75' lang='lat' dir='ltr'>uspiam</span> <span class='ocrx_word' id='word_1_161' title='bbox 774 3334 919 3387; x_wconf 84' lang='lat' dir='ltr'>occurrat</span> <span class='ocrx_word' id='word_1_162' title='bbox 934 3321 1051 3389; x_wconf 77' lang='lat' dir='ltr'>nescib-</span> 
     </span>
    </p>
   </div>
   <div class='ocr_carea' id='block_1_6' title="bbox 164 3498 1054 3666">
    <p class='ocr_par' dir='ltr' id='par_1_10' title="bbox 164 3498 1054 3666">
     <span class='ocr_line' id='line_1_28' title="bbox 245 3498 1052 3578; baseline 0.015 -24"><span class='ocrx_word' id='word_1_163' title='bbox 245 3500 269 3555; x_wconf 89' lang='lat' dir='ltr'>l.</span> <span class='ocrx_word' id='word_1_164' title='bbox 293 3498 338 3556; x_wconf 85' lang='lat' dir='ltr'>Of</span> <span class='ocrx_word' id='word_1_165' title='bbox 360 3503 409 3559; x_wconf 85' lang='lat' dir='ltr'>the</span> <span class='ocrx_word' id='word_1_166' title='bbox 430 3500 491 3559; x_wconf 85' lang='lat' dir='ltr'>first</span> <span class='ocrx_word' id='word_1_167' title='bbox 512 3502 626 3578; x_wconf 81' lang='lat' dir='ltr'>general</span> <span class='ocrx_word' id='word_1_168' title='bbox 648 3503 723 3560; x_wconf 80' lang='lat' dir='ltr'>class</span> <span class='ocrx_word' id='word_1_169' title='bbox 746 3502 778 3559; x_wconf 80' lang='lat' dir='ltr'>of</span> <span class='ocrx_word' id='word_1_170' title='bbox 798 3503 1052 3578; x_wconf 71' lang='lat' dir='ltr'>demonstratione,</span> 
     </span>
     <span class='ocr_line' id='line_1_29' title="bbox 164 3581 1054 3666; baseline 0.019 -34"><span class='ocrx_word' id='word_1_171' title='bbox 164 3620 167 3632; x_wconf 88' lang='lat'>.</span> <span class='ocrx_word' id='word_1_172' title='bbox 203 3581 339 3656; x_wconf 82' lang='lat' dir='ltr'>(namely,</span> <span class='ocrx_word' id='word_1_173' title='bbox 352 3583 433 3641; x_wconf 82' lang='lat' dir='ltr'>thore</span> <span class='ocrx_word' id='word_1_174' title='bbox 447 3583 538 3642; x_wconf 84' lang='lat' dir='ltr'>wbiob</span> <span class='ocrx_word' id='word_1_175' title='bbox 552 3603 636 3661; x_wconf 86' lang='lat' dir='ltr'>prove</span> <span class='ocrx_word' id='word_1_176' title='bbox 649 3583 696 3656; x_wconf 70' lang='grc' dir='ltr'><strong><em>δ’τι,</em></strong></span> <span class='ocrx_word' id='word_1_177' title='bbox 710 3584 774 3643; x_wconf 80' lang='lat' dir='ltr'>tltat</span> <span class='ocrx_word' id='word_1_178' title='bbox 787 3586 833 3645; x_wconf 71' lang='lat' dir='ltr'>the</span> <span class='ocrx_word' id='word_1_179' title='bbox 845 3587 927 3666; x_wconf 70' lang='lat' dir='ltr'>tltt&#39;aq</span> <span class='ocrx_word' id='word_1_180' title='bbox 940 3589 990 3664; x_wconf 66' lang='lat' dir='ltr'>ia)</span> <span class='ocrx_word' id='word_1_181' title='bbox 1002 3591 1054 3650; x_wconf 79' lang='lat' dir='ltr'>tha</span> 
     </span>
    </p>
   </div>
   <div class='ocr_carea' id='block_1_7' title="bbox 0 0 1233 4330">
    <p class='ocr_par' dir='ltr' id='par_1_11' title="bbox 0 0 1233 4330">
     <span class='ocr_line' id='line_1_30' title="bbox 0 0 1233 4330; baseline 0 0"><span class='ocrx_word' id='word_1_182' title='bbox 0 0 1233 4330; x_wconf 95' lang='lat' dir='ltr'> </span> 
     </span>
    </p>
   </div>
  </div>
 </body>
</html>
