2412 4326
412 378 763 442 SOPHISMATUM.
952 385 1011 439 833

156 558 228 645 ipso
242 557 441 646 proponendi
456 556 551 621 modo
574 557 653 622 clam
674 558 823 624 inseritur
839 582 921 624 nova
935 581 1009 626 con·

158 661 250 725 ditio.
298 662 381 725 Nam
404 662 436 725 3.
461 664 699 745 Argumentum
725 660 794 724 aliis
817 661 921 725 verbis
949 663 1009 726 hoc

158 762 259 838 dicit;
286 763 320 826 Si
336 762 496 828 Achillem
519 761 656 848 decuplo
671 762 856 828 velociorem
878 787 1010 851 praeces-

159 865 235 930 serit
272 865 423 939 testudo;
454 877 486 930 et
521 873 657 948 aterque
684 888 751 930 meo
782 875 900 950 pergat
927 869 1009 932 arlai-¹

158 976 250 1032 trata
262 997 273 1044 ‚·
302 971 375 1054 Ego
400 968 560 1055 perficiam
586 990 625 1032 ne
652 969 795 1034 Achilles
821 984 1031 1056 assequatur-

157 1072 371 1137 testudinem:
397 1073 503 1150 Quare
523 1095 652 1158 prorsus
675 1094 839 1159 nunquam
862 1096 1007 1160 asseque-

156 1188 223 1240 tur.
270 1177 350 1254 Quae
366 1188 412 1239 est
429 1177 577 1240 Fallacia
591 1198 612 1238 a
631 1178 714 1240 dicto
728 1178 903 1240 secandam
918 1179 1007 1260 qaid,

157 1280 201 1341 ad
215 1281 333 1342 dr'atam
345 1283 540 1362 simpliciter.

200 1383 240 1444 2:
257 1381 419 1452 Diodorus
443 1383 578 1459 Cronus,
597 1380 686 1467 quod
710 1380 911 1466 sophismata
935 1380 1008 1445 Stil-

155 1483 247 1568 ponis
270 1507 332 1547 non
354 1484 508 1560 solvisset,
531 1483 645 1547 exinde
668 1479 723 1556 ὄνος
744 1482 923 1569 appellatus
938 1496 1004 1555 est;

156 1585 192 1650 id
228 1586 422 1674 cognominis
455 1586 583 1651 aliunde
611 1585 814 1673 promeritus,
847 1586 936 1672 quod
966 1587 1007 1650 ad

158 1689 244 1753 hunc
269 1690 400 1754 modum
423 1701 532 1753 contra
555 1701 678 1753 motum
700 1688 890 1773 disputaret.
934 1690 1007 1753 Mo·

157 1793 217 1856 bae
229 1801 373 1857 movetur
386 1796 436 1858 val
449 1796 486 1857 ia
500 1814 563 1875 qao
582 1799 629 1856 est
647 1794 722 1866 loca
737 1793 788 1855 ael
805 1793 842 1852 ia
858 1812 920 1872 qao
941 1812 1007 1854 aaa

158 1903 225 1960 aet:
248 1896 292 1960 At
314 1903 464 1960 neutram
486 1898 599 1959 horam
611 1921 622 1969 ,·
651 1895 741 1979 Ergo
764 1896 843 1958 Noa
867 1896 1006 1957 omnino.

157 1997 255 2061 Unde
284 1997 385 2061 facete
417 1997 509 2062 illum
538 1996 614 2060 lusit
645 1994 854 2082 Herophilus,
883 1993 939 2080 qui
970 2007 1006 2058 ut

156 2101 305 2166 luxatum
347 2100 395 2166 illi
431 2101 598 2165 humerum
639 2100 821 2164 restitueret
863 2110 1005 2184 rogatus,

162 2207 258 2270 Taas
282 2204 417 2290 (inquit)
443 2208 597 2269 tamarae
621 2205 671 2268 ael
697 2205 735 2265 ia
757 2224 819 2285 qao
845 2209 915 2266 erat
943 2205 1007 2266 aa

155 2311 294 2371 aristeas
322 2307 448 2384 accidit,
474 2309 524 2370 ael
552 2309 589 2369 ia
618 2326 680 2388 qao
709 2327 777 2369 aaa
802 2313 881 2369 arat.
939 2306 1006 2370 Sea

155 2419 309 2476 neutram
330 2413 464 2484 aarum
493 2410 583 2495 Ergo
605 2429 672 2472 aaa
687 2411 825 2471 omnino.
871 2405 1005 2472 Diodori

155 2523 344 2597 argumento
380 2510 519 2575 breviter
555 2522 587 2574 et
628 2509 794 2596 perspicue
834 2508 1004 2596 respondet

157 2611 353 2691 Gassendus‚
382 2612 476 2690 Quod
507 2624 654 2678 movetur
679 2613 798 2677 moveri
829 2635 849 2675 a
879 2616 942 2677 loco
970 2611 1002 2675 in

155 2738 221 2800 quo
248 2728 328 2792 erat,
348 2738 408 2799 per
431 2718 532 2780 locam
557 2715 590 2778 in
616 2736 681 2800 quo
710 2729 770 2792 est,
798 2713 878 2795 (sive
906 2737 1002 2800 quem

155 2818 354 2902 pertransis)
371 2820 414 2881 acl
435 2821 536 2881 arcam
557 2815 591 2880 in
614 2839 680 2902 quo
701 2815 843 2880 nondum
866 2828 924 2892 est,
948 2814 1002 2878 sed

154 2918 301 2984 futurum
318 2932 375 2984 est.

197 3022 230 3084 3.
255 3021 483 3085 Rncrnnocuar
500 3034 591 3086 vocat
607 3021 842 3107 Argumentum
868 3022 1001 3096 Gallias,

154 3123 241 3208 quod
254 3124 366 3188 Graece
378 3123 496 3188 dicitur
506 3122 723 3210 Ἀντιστςέφονε
748 3121 800 3186 cui
811 3119 1000 3186 illustrando

154 3224 288 3289 conficta
310 3236 357 3288 est
380 3224 506 3289 Fabula
530 3248 604 3311 quae
626 3225 813 3289 Graecorum
829 3221 1001 3286 vanitatem

153 3325 228 3389 olet.
262 3327 401 3392 Narrant
416 3329 499 3391 enim
515 3328 598 3392 inter
609 3329 815 3412 Protagoram
832 3337 863 3389 et
875 3322 1000 3387 Euath-

152 3427 230 3502 lum,
247 3427 297 3493 vel
314 3433 363 3512 (ut
379 3429 502 3495 facetiae
521 3432 608 3493 locus
623 3429 679 3512 sit)
695 3429 778 3492 iuter
795 3429 944 3491 Coracem
968 3440 999 3490 et

153 3527 275 3596 Tisiam
301 3533 491 3608 convenisse,
523 3544 559 3596 ut
588 3532 674 3596 hunc
704 3529 757 3594 ille
791 3527 999 3595 Dialecticam
