<?xml version="1.0" encoding="UTF-8"?>
<!DOCTYPE html PUBLIC "-//W3C//DTD XHTML 1.0 Transitional//EN"
    "http://www.w3.org/TR/xhtml1/DTD/xhtml1-transitional.dtd">
<html xmlns="http://www.w3.org/1999/xhtml" xml:lang="en" lang="en">
 <head>
  <title>
</title>
<meta http-equiv="Content-Type" content="text/html;charset=utf-8" />
  <meta name='ocr-system' content='tesseract 3.04.00' />
  <meta name='ocr-capabilities' content='ocr_page ocr_carea ocr_par ocr_line ocrx_word'/>
</head>
<body>
  <div class='ocr_page' id='page_1' title='image "./artislogicarudi00aldrgoog_0292.png"; bbox 0 0 2424 4330; ppageno 0'>
   <div class='ocr_carea' id='block_1_1' title="bbox 428 353 1012 422">
    <p class='ocr_par' dir='ltr' id='par_1_1' title="bbox 428 353 1012 422">
     <span class='ocr_line' id='line_1_1' title="bbox 428 353 1012 422; baseline 0.007 -6"><span class='ocrx_word' id='word_1_1' title='bbox 428 355 489 416; x_wconf 87' lang='lat' dir='ltr'>DE</span> <span class='ocrx_word' id='word_1_2' title='bbox 510 353 739 418; x_wconf 81' lang='lat' dir='ltr'><strong>SCIENTIA.</strong></span> <span class='ocrx_word' id='word_1_3' title='bbox 950 355 1012 422; x_wconf 74' lang='lat' dir='ltr'>nte</span> 
     </span>
    </p>
   </div>
   <div class='ocr_carea' id='block_1_2' title="bbox 157 517 1013 1304">
    <p class='ocr_par' dir='ltr' id='par_1_2' title="bbox 158 517 1012 758">
     <span class='ocr_line' id='line_1_2' title="bbox 158 517 1011 599; baseline 0.002 -23"><span class='ocrx_word' id='word_1_4' title='bbox 158 530 192 576; x_wconf 89' lang='lat' dir='ltr'>to</span> <span class='ocrx_word' id='word_1_5' title='bbox 212 521 247 576; x_wconf 87' lang='lat' dir='ltr'>be</span> <span class='ocrx_word' id='word_1_6' title='bbox 266 517 355 598; x_wconf 82' lang='lat' dir='ltr'>epool</span> <span class='ocrx_word' id='word_1_7' title='bbox 374 525 402 576; x_wconf 86' lang='lat' dir='ltr'>to</span> <span class='ocrx_word' id='word_1_8' title='bbox 423 519 470 576; x_wconf 76' lang='lat' dir='ltr'>tlte</span> <span class='ocrx_word' id='word_1_9' title='bbox 490 537 552 577; x_wconf 81' lang='lat' dir='ltr'>sum</span> <span class='ocrx_word' id='word_1_10' title='bbox 572 519 610 594; x_wconf 90' lang='lat' dir='ltr'>of</span> <span class='ocrx_word' id='word_1_11' title='bbox 626 519 802 599; x_wconf 82' lang='lat' dir='ltr'>tlesqonret</span> <span class='ocrx_word' id='word_1_12' title='bbox 816 538 853 578; x_wconf 87' lang='lat' dir='ltr'>on</span> <span class='ocrx_word' id='word_1_13' title='bbox 867 518 1011 589; x_wconf 75' lang='lat' dir='ltr'>thesides,</span> 
     </span>
     <span class='ocr_line' id='line_1_3' title="bbox 160 597 1012 678; baseline 0 -20"><span class='ocrx_word' id='word_1_14' title='bbox 160 601 283 658; x_wconf 81' lang='lat' dir='ltr'>because</span> <span class='ocrx_word' id='word_1_15' title='bbox 303 597 374 657; x_wconf 81' lang='lat' dir='ltr'>eccl</span> <span class='ocrx_word' id='word_1_16' title='bbox 394 599 432 674; x_wconf 83' lang='lat' dir='ltr'>of</span> <span class='ocrx_word' id='word_1_17' title='bbox 446 599 522 659; x_wconf 78' lang='lat' dir='ltr'>tltese</span> <span class='ocrx_word' id='word_1_18' title='bbox 542 601 683 659; x_wconf 80' lang='lat' dir='ltr'>isdooble</span> <span class='ocrx_word' id='word_1_19' title='bbox 695 602 734 678; x_wconf 81' lang='lat' dir='ltr'>of</span> <span class='ocrx_word' id='word_1_20' title='bbox 748 602 858 660; x_wconf 83' lang='lat' dir='ltr'>certain</span> <span class='ocrx_word' id='word_1_21' title='bbox 873 600 1012 678; x_wconf 73' lang='lat' dir='ltr'>triongles</span> 
     </span>
     <span class='ocr_line' id='line_1_4' title="bbox 160 679 664 758; baseline 0.006 -21"><span class='ocrx_word' id='word_1_22' title='bbox 160 679 252 738; x_wconf 73' lang='lat' dir='ltr'>witot</span> <span class='ocrx_word' id='word_1_23' title='bbox 264 699 316 741; x_wconf 87' lang='lat' dir='ltr'>ore</span> <span class='ocrx_word' id='word_1_24' title='bbox 329 679 415 758; x_wconf 75' lang='lat' dir='ltr'>equod</span> <span class='ocrx_word' id='word_1_25' title='bbox 428 689 456 738; x_wconf 86' lang='lat' dir='ltr'>to</span> <span class='ocrx_word' id='word_1_26' title='bbox 469 701 520 738; x_wconf 89' lang='lat' dir='ltr'>one</span> <span class='ocrx_word' id='word_1_27' title='bbox 534 682 664 740; x_wconf 74' lang='lat' dir='ltr'>another.</span> 
     </span>
    </p>

    <p class='ocr_par' dir='ltr' id='par_1_3' title="bbox 160 759 1012 906">
     <span class='ocr_line' id='line_1_5' title="bbox 200 759 1012 836; baseline 0.002 -18"><span class='ocrx_word' id='word_1_28' title='bbox 200 761 359 836; x_wconf 80' lang='lat' dir='ltr'>Sobjectioc</span> <span class='ocrx_word' id='word_1_29' title='bbox 379 762 509 820; x_wconf 81' lang='lat' dir='ltr'><strong><em>evidence</em></strong></span> <span class='ocrx_word' id='word_1_30' title='bbox 531 765 556 820; x_wconf 89' lang='lat' dir='ltr'>is</span> <span class='ocrx_word' id='word_1_31' title='bbox 576 764 626 820; x_wconf 92' lang='lat' dir='ltr'>the</span> <span class='ocrx_word' id='word_1_32' title='bbox 645 759 697 820; x_wconf 86' lang='lat' dir='ltr'>full</span> <span class='ocrx_word' id='word_1_33' title='bbox 718 762 776 820; x_wconf 84' lang='lat' dir='ltr'>and</span> <span class='ocrx_word' id='word_1_34' title='bbox 797 771 931 821; x_wconf 81' lang='lat' dir='ltr'>accurate</span> <span class='ocrx_word' id='word_1_35' title='bbox 953 762 1012 820; x_wconf 89' lang='lat' dir='ltr'>dis·</span> 
     </span>
     <span class='ocr_line' id='line_1_6' title="bbox 160 842 603 906; baseline -0.002 -5"><span class='ocrx_word' id='word_1_36' title='bbox 160 853 310 906; x_wconf 77' lang='lat' dir='ltr'>comment</span> <span class='ocrx_word' id='word_1_37' title='bbox 323 842 356 899; x_wconf 85' lang='lat' dir='ltr'>oi</span> <span class='ocrx_word' id='word_1_38' title='bbox 365 843 445 902; x_wconf 87' lang='lat' dir='ltr'>these</span> <span class='ocrx_word' id='word_1_39' title='bbox 458 844 603 902; x_wconf 86' lang='lat' dir='ltr'>relations.</span> 
     </span>
    </p>

    <p class='ocr_par' dir='ltr' id='par_1_4' title="bbox 157 921 1013 1304">
     <span class='ocr_line' id='line_1_7' title="bbox 202 921 1011 1002; baseline 0.002 -24"><span class='ocrx_word' id='word_1_40' title='bbox 202 921 293 996; x_wconf 87' lang='lat' dir='ltr'>Many</span> <span class='ocrx_word' id='word_1_41' title='bbox 312 925 410 998; x_wconf 85' lang='lat' dir='ltr'>things</span> <span class='ocrx_word' id='word_1_42' title='bbox 431 943 478 982; x_wconf 85' lang='lat' dir='ltr'>are</span> <span class='ocrx_word' id='word_1_43' title='bbox 499 923 639 1002; x_wconf 80' lang='lat' dir='ltr'>supposed</span> <span class='ocrx_word' id='word_1_44' title='bbox 660 934 690 982; x_wconf 92' lang='lat' dir='ltr'>to</span> <span class='ocrx_word' id='word_1_45' title='bbox 709 924 745 980; x_wconf 89' lang='lat' dir='ltr'>be</span> <span class='ocrx_word' id='word_1_46' title='bbox 764 923 932 999; x_wconf 84' lang='lat' dir='ltr'>objectively</span> <span class='ocrx_word' id='word_1_47' title='bbox 952 925 1011 981; x_wconf 88' lang='lat' dir='ltr'>evi·</span> 
     </span>
     <span class='ocr_line' id='line_1_8' title="bbox 160 1003 1010 1082; baseline 0.002 -22"><span class='ocrx_word' id='word_1_48' title='bbox 160 1003 230 1060; x_wconf 90' lang='lat' dir='ltr'>dent</span> <span class='ocrx_word' id='word_1_49' title='bbox 257 1004 350 1062; x_wconf 85' lang='lat' dir='ltr'><strong>which</strong></span> <span class='ocrx_word' id='word_1_50' title='bbox 371 1023 419 1061; x_wconf 85' lang='lat' dir='ltr'>erc</span> <span class='ocrx_word' id='word_1_51' title='bbox 441 1017 491 1062; x_wconf 91' lang='lat' dir='ltr'>not</span> <span class='ocrx_word' id='word_1_52' title='bbox 512 1023 553 1062; x_wconf 88' lang='lat' dir='ltr'>so.</span> <span class='ocrx_word' id='word_1_53' title='bbox 604 1003 683 1062; x_wconf 90' lang='lat' dir='ltr'>Thus</span> <span class='ocrx_word' id='word_1_54' title='bbox 705 1005 754 1061; x_wconf 88' lang='lat' dir='ltr'>the</span> <span class='ocrx_word' id='word_1_55' title='bbox 775 1005 921 1082; x_wconf 85' lang='lat' dir='ltr'>principle,</span> <span class='ocrx_word' id='word_1_56' title='bbox 952 1005 1010 1062; x_wconf 78' lang='lat' dir='ltr'>Vox</span> 
     </span>
     <span class='ocr_line' id='line_1_9' title="bbox 157 1083 1013 1160; baseline 0.002 -20"><span class='ocrx_word' id='word_1_57' title='bbox 157 1083 259 1160; x_wconf 80' lang='lat' dir='ltr'>populi</span> <span class='ocrx_word' id='word_1_58' title='bbox 279 1103 332 1142; x_wconf 76' lang='lat' dir='ltr'>ooo</span> <span class='ocrx_word' id='word_1_59' title='bbox 352 1083 419 1154; x_wconf 85' lang='lat' dir='ltr'>Dei,</span> <span class='ocrx_word' id='word_1_60' title='bbox 433 1087 543 1160; x_wconf 86' lang='lat' dir='ltr'>though</span> <span class='ocrx_word' id='word_1_61' title='bbox 566 1085 668 1159; x_wconf 76' lang='lat' dir='ltr'>wholly</span> <span class='ocrx_word' id='word_1_62' title='bbox 686 1103 846 1153; x_wconf 78' lang='lat' dir='ltr'>ennomus,</span> <span class='ocrx_word' id='word_1_63' title='bbox 866 1086 921 1142; x_wconf 80' lang='lat' dir='ltr'>hos</span> <span class='ocrx_word' id='word_1_64' title='bbox 941 1086 1013 1144; x_wconf 88' lang='lat' dir='ltr'>been</span> 
     </span>
     <span class='ocr_line' id='line_1_10' title="bbox 160 1164 1012 1242; baseline 0.004 -21"><span class='ocrx_word' id='word_1_65' title='bbox 160 1164 241 1222; x_wconf 80' lang='lat' dir='ltr'>often</span> <span class='ocrx_word' id='word_1_66' title='bbox 255 1167 341 1225; x_wconf 78' lang='lat' dir='ltr'>taken</span> <span class='ocrx_word' id='word_1_67' title='bbox 355 1185 387 1223; x_wconf 81' lang='lat' dir='ltr'>os</span> <span class='ocrx_word' id='word_1_68' title='bbox 400 1186 417 1224; x_wconf 85' lang='lat' dir='ltr'>o</span> <span class='ocrx_word' id='word_1_69' title='bbox 429 1164 597 1224; x_wconf 85' lang='lat' dir='ltr'>foundation</span> <span class='ocrx_word' id='word_1_70' title='bbox 610 1166 642 1223; x_wconf 86' lang='lat' dir='ltr'>oi</span> <span class='ocrx_word' id='word_1_71' title='bbox 658 1177 809 1241; x_wconf 77' lang='lat' dir='ltr'>argument</span> <span class='ocrx_word' id='word_1_72' title='bbox 827 1165 969 1242; x_wconf 79' lang='lat' dir='ltr'>supposed</span> <span class='ocrx_word' id='word_1_73' title='bbox 982 1179 1012 1224; x_wconf 92' lang='lat' dir='ltr'>to</span> 
     </span>
     <span class='ocr_line' id='line_1_11' title="bbox 160 1245 441 1304; baseline 0.007 -3"><span class='ocrx_word' id='word_1_74' title='bbox 160 1245 197 1304; x_wconf 92' lang='lat' dir='ltr'>be</span> <span class='ocrx_word' id='word_1_75' title='bbox 210 1247 441 1304; x_wconf 79' lang='lat' dir='ltr'>demonstrative.</span> 
     </span>
    </p>
   </div>
   <div class='ocr_carea' id='block_1_3' title="bbox 420 1526 744 1618">
    <p class='ocr_par' dir='ltr' id='par_1_5' title="bbox 420 1526 744 1618">
     <span class='ocr_line' id='line_1_12' title="bbox 420 1526 744 1618; baseline 0 -24"><span class='ocrx_word' id='word_1_76' title='bbox 420 1529 452 1618; x_wconf 62' lang='grc' dir='ltr'>ξ.</span> <span class='ocrx_word' id='word_1_77' title='bbox 468 1533 498 1595; x_wconf 81' lang='lat'>4.</span> <span class='ocrx_word' id='word_1_78' title='bbox 522 1532 575 1595; x_wconf 87' lang='lat' dir='ltr'>De</span> <span class='ocrx_word' id='word_1_79' title='bbox 588 1526 744 1597; x_wconf 80' lang='lat' dir='ltr'>Scientid.</span> 
     </span>
    </p>
   </div>
   <div class='ocr_carea' id='block_1_4' title="bbox 158 1661 1019 3434">
    <p class='ocr_par' dir='ltr' id='par_1_6' title="bbox 158 1661 1019 2968">
     <span class='ocr_line' id='line_1_13' title="bbox 162 1661 1012 1768; baseline -0.001 -22"><span class='ocrx_word' id='word_1_80' title='bbox 162 1661 260 1752; x_wconf 86' lang='lat' dir='ltr'>QUI</span> <span class='ocrx_word' id='word_1_81' title='bbox 289 1693 458 1768; x_wconf 85' lang='lat' dir='ltr'>postremae</span> <span class='ocrx_word' id='word_1_82' title='bbox 487 1681 564 1745; x_wconf 92' lang='lat' dir='ltr'>huic</span> <span class='ocrx_word' id='word_1_83' title='bbox 592 1679 760 1745; x_wconf 77' lang='lat' dir='ltr'>evidentiae</span> <span class='ocrx_word' id='word_1_84' title='bbox 785 1679 937 1767; x_wconf 87' lang='lat' dir='ltr'>competit</span> <span class='ocrx_word' id='word_1_85' title='bbox 962 1704 1012 1745; x_wconf 88' lang='lat' dir='ltr'>as·</span> 
     </span>
     <span class='ocr_line' id='line_1_14' title="bbox 162 1791 1014 1879; baseline 0.004 -23"><span class='ocrx_word' id='word_1_86' title='bbox 162 1814 272 1857; x_wconf 85' lang='lat' dir='ltr'>sensus</span> <span class='ocrx_word' id='word_1_87' title='bbox 299 1793 388 1879; x_wconf 85' lang='lat' dir='ltr'>opud</span> <span class='ocrx_word' id='word_1_88' title='bbox 402 1855 403 1858; x_wconf 72' lang='grc'>,</span> <span class='ocrx_word' id='word_1_89' title='bbox 418 1791 556 1879; x_wconf 86' lang='lat' dir='ltr'>Logicos</span> <span class='ocrx_word' id='word_1_90' title='bbox 580 1803 713 1858; x_wconf 83' lang='lat' dir='ltr'>vocatur</span> <span class='ocrx_word' id='word_1_91' title='bbox 742 1794 898 1858; x_wconf 83' lang='lat' dir='ltr'>Scienlio.</span> <span class='ocrx_word' id='word_1_92' title='bbox 952 1793 1014 1860; x_wconf 90' lang='lat' dir='ltr'>Est</span> 
     </span>
     <span class='ocr_line' id='line_1_15' title="bbox 161 1904 1015 1990; baseline 0.001 -23"><span class='ocrx_word' id='word_1_93' title='bbox 161 1904 263 1990; x_wconf 88' lang='lat' dir='ltr'>igitur</span> <span class='ocrx_word' id='word_1_94' title='bbox 286 1904 423 1970; x_wconf 87' lang='lat' dir='ltr'>Scientia</span> <span class='ocrx_word' id='word_1_95' title='bbox 443 1907 657 1970; x_wconf 75' lang='lat' dir='ltr'>conclusionis</span> <span class='ocrx_word' id='word_1_96' title='bbox 677 1911 774 1967; x_wconf 82' lang='lat' dir='ltr'>certae</span> <span class='ocrx_word' id='word_1_97' title='bbox 794 1911 826 1968; x_wconf 84' lang='lat' dir='ltr'>et</span> <span class='ocrx_word' id='word_1_98' title='bbox 849 1904 1015 1982; x_wconf 80' lang='lat' dir='ltr'>evidentis,</span> 
     </span>
     <span class='ocr_line' id='line_1_16' title="bbox 161 2013 1017 2102; baseline -0.002 -22"><span class='ocrx_word' id='word_1_99' title='bbox 161 2039 181 2080; x_wconf 80' lang='lat' dir='ltr'><strong>a</strong></span> <span class='ocrx_word' id='word_1_100' title='bbox 205 2015 376 2102; x_wconf 85' lang='lat' dir='ltr'>praemissis</span> <span class='ocrx_word' id='word_1_101' title='bbox 401 2015 495 2080; x_wconf 89' lang='lat' dir='ltr'>certis</span> <span class='ocrx_word' id='word_1_102' title='bbox 516 2027 549 2081; x_wconf 91' lang='lat' dir='ltr'>et</span> <span class='ocrx_word' id='word_1_103' title='bbox 571 2013 774 2079; x_wconf 87' lang='lat' dir='ltr'>evidentibus</span> <span class='ocrx_word' id='word_1_104' title='bbox 794 2013 936 2100; x_wconf 83' lang='lat' dir='ltr'>legitime</span> <span class='ocrx_word' id='word_1_105' title='bbox 956 2014 1017 2079; x_wconf 91' lang='lat' dir='ltr'>de·</span> 
     </span>
     <span class='ocr_line' id='line_1_17' title="bbox 162 2124 1013 2214; baseline -0.004 -23"><span class='ocrx_word' id='word_1_106' title='bbox 162 2125 281 2191; x_wconf 83' lang='lat' dir='ltr'>duotae.</span> <span class='ocrx_word' id='word_1_107' title='bbox 328 2125 562 2191; x_wconf 73' lang='lat' dir='ltr'>certitudinem</span> <span class='ocrx_word' id='word_1_108' title='bbox 577 2148 652 2190; x_wconf 83' lang='lat' dir='ltr'>vero</span> <span class='ocrx_word' id='word_1_109' title='bbox 667 2137 838 2214; x_wconf 86' lang='lat' dir='ltr'>utramque</span> <span class='ocrx_word' id='word_1_110' title='bbox 852 2124 1013 2212; x_wconf 86' lang='lat' dir='ltr'>intelligo;</span> 
     </span>
     <span class='ocr_line' id='line_1_18' title="bbox 162 2235 1015 2324; baseline 0.001 -23"><span class='ocrx_word' id='word_1_111' title='bbox 162 2248 195 2302; x_wconf 85' lang='lat' dir='ltr'>et</span> <span class='ocrx_word' id='word_1_112' title='bbox 221 2250 391 2324; x_wconf 85' lang='lat' dir='ltr'>utramque</span> <span class='ocrx_word' id='word_1_113' title='bbox 416 2238 496 2318; x_wconf 87' lang='lat' dir='ltr'>(tam</span> <span class='ocrx_word' id='word_1_114' title='bbox 523 2236 650 2324; x_wconf 87' lang='lat' dir='ltr'>Objecti</span> <span class='ocrx_word' id='word_1_115' title='bbox 672 2235 789 2303; x_wconf 88' lang='lat' dir='ltr'>scilicet</span> <span class='ocrx_word' id='word_1_116' title='bbox 811 2259 908 2323; x_wconf 84' lang='lat' dir='ltr'>quam</span> <span class='ocrx_word' id='word_1_117' title='bbox 933 2237 1015 2302; x_wconf 87' lang='lat' dir='ltr'>Sub-</span> 
     </span>
     <span class='ocr_line' id='line_1_19' title="bbox 158 2346 1017 2434; baseline 0.001 -23"><span class='ocrx_word' id='word_1_118' title='bbox 158 2346 253 2434; x_wconf 89' lang='lat' dir='ltr'>jecti)</span> <span class='ocrx_word' id='word_1_119' title='bbox 283 2347 485 2413; x_wconf 83' lang='lat' dir='ltr'>evidentiam.</span> <span class='ocrx_word' id='word_1_120' title='bbox 531 2350 613 2412; x_wconf 83' lang='lat' dir='ltr'>Nam</span> <span class='ocrx_word' id='word_1_121' title='bbox 643 2369 701 2434; x_wconf 86' lang='lat' dir='ltr'>per</span> <span class='ocrx_word' id='word_1_122' title='bbox 731 2347 857 2434; x_wconf 87' lang='lat' dir='ltr'>Objecti</span> <span class='ocrx_word' id='word_1_123' title='bbox 886 2348 1017 2414; x_wconf 87' lang='lat' dir='ltr'>certitu-</span> 
     </span>
     <span class='ocr_line' id='line_1_20' title="bbox 164 2456 1016 2547; baseline 0.004 -26"><span class='ocrx_word' id='word_1_124' title='bbox 164 2456 269 2522; x_wconf 86' lang='lat' dir='ltr'>dinem</span> <span class='ocrx_word' id='word_1_125' title='bbox 302 2457 440 2524; x_wconf 85' lang='lat' dir='ltr'>Scientia</span> <span class='ocrx_word' id='word_1_126' title='bbox 470 2457 679 2546; x_wconf 87' lang='lat' dir='ltr'>distinguitur</span> <span class='ocrx_word' id='word_1_127' title='bbox 708 2458 749 2523; x_wconf 78' lang='lat' dir='ltr'>ab</span> <span class='ocrx_word' id='word_1_128' title='bbox 777 2460 921 2534; x_wconf 80' lang='lat' dir='ltr'>Eccore,·</span> <span class='ocrx_word' id='word_1_129' title='bbox 958 2480 1016 2547; x_wconf 88' lang='lat' dir='ltr'>per</span> 
     </span>
     <span class='ocr_line' id='line_1_21' title="bbox 167 2569 1015 2655; baseline 0.002 -22"><span class='ocrx_word' id='word_1_130' title='bbox 167 2569 309 2655; x_wconf 86' lang='lat' dir='ltr'>Subjecti</span> <span class='ocrx_word' id='word_1_131' title='bbox 334 2570 558 2637; x_wconf 87' lang='lat' dir='ltr'>certitudinem</span> <span class='ocrx_word' id='word_1_132' title='bbox 582 2570 623 2635; x_wconf 85' lang='lat' dir='ltr'>nb</span> <span class='ocrx_word' id='word_1_133' title='bbox 651 2573 820 2654; x_wconf 81' lang='lat' dir='ltr'>Opinione.</span> <span class='ocrx_word' id='word_1_134' title='bbox 875 2570 908 2634; x_wconf 88' lang='lat' dir='ltr'>Si</span> <span class='ocrx_word' id='word_1_135' title='bbox 934 2569 1015 2636; x_wconf 87' lang='lat' dir='ltr'>desit</span> 
     </span>
     <span class='ocr_line' id='line_1_22' title="bbox 165 2680 1018 2768; baseline 0.001 -24"><span class='ocrx_word' id='word_1_136' title='bbox 165 2680 323 2746; x_wconf 87' lang='lat' dir='ltr'>evidentia</span> <span class='ocrx_word' id='word_1_137' title='bbox 341 2681 486 2768; x_wconf 84' lang='lat' dir='ltr'>subjecti,</span> <span class='ocrx_word' id='word_1_138' title='bbox 503 2681 591 2747; x_wconf 84' lang='lat' dir='ltr'>nulla</span> <span class='ocrx_word' id='word_1_139' title='bbox 612 2694 659 2747; x_wconf 88' lang='lat' dir='ltr'>est</span> <span class='ocrx_word' id='word_1_140' title='bbox 682 2686 848 2758; x_wconf 55' lang='lat' dir='ltr'>scientim·</span> <span class='ocrx_word' id='word_1_141' title='bbox 873 2682 929 2748; x_wconf 91' lang='lat' dir='ltr'>ubi</span> <span class='ocrx_word' id='word_1_142' title='bbox 952 2681 1018 2745; x_wconf 83' lang='lat' dir='ltr'>sola</span> 
     </span>
     <span class='ocr_line' id='line_1_23' title="bbox 165 2791 1019 2878; baseline 0 -22"><span class='ocrx_word' id='word_1_143' title='bbox 165 2791 265 2872; x_wconf 85' lang='lat' dir='ltr'>adest,</span> <span class='ocrx_word' id='word_1_144' title='bbox 288 2816 449 2878; x_wconf 82' lang='lat' dir='ltr'>persuaso</span> <span class='ocrx_word' id='word_1_145' title='bbox 478 2806 615 2871; x_wconf 85' lang='lat' dir='ltr'>tantum,</span> <span class='ocrx_word' id='word_1_146' title='bbox 642 2817 704 2860; x_wconf 89' lang='lat' dir='ltr'>non</span> <span class='ocrx_word' id='word_1_147' title='bbox 734 2797 830 2861; x_wconf 79' lang='lat' dir='ltr'>ceolis</span> <span class='ocrx_word' id='word_1_148' title='bbox 858 2792 1019 2858; x_wconf 79' lang='lat' dir='ltr'>evidentia</span> 
     </span>
     <span class='ocr_line' id='line_1_24' title="bbox 164 2914 222 2968; baseline -0.034 -1"><span class='ocrx_word' id='word_1_149' title='bbox 164 2914 222 2968; x_wconf 84' lang='lat' dir='ltr'>est.</span> 
     </span>
    </p>

    <p class='ocr_par' dir='ltr' id='par_1_7' title="bbox 165 3013 1019 3434">
     <span class='ocr_line' id='line_1_25' title="bbox 209 3013 1017 3104; baseline -0.001 -26"><span class='ocrx_word' id='word_1_150' title='bbox 209 3015 272 3094; x_wconf 83' lang='lat' dir='ltr'>Qui</span> <span class='ocrx_word' id='word_1_151' title='bbox 300 3018 476 3083; x_wconf 69' lang='lat' dir='ltr'>solentiam</span> <span class='ocrx_word' id='word_1_152' title='bbox 499 3015 583 3104; x_wconf 86' lang='lat' dir='ltr'>parit</span> <span class='ocrx_word' id='word_1_153' title='bbox 608 3015 817 3104; x_wconf 77' lang='lat' dir='ltr'>syllogismus</span> <span class='ocrx_word' id='word_1_154' title='bbox 838 3013 1017 3103; x_wconf 80' lang='lat' dir='ltr'>appellatur</span> 
     </span>
     <span class='ocr_line' id='line_1_26' title="bbox 166 3125 1018 3211; baseline -0.005 -19"><span class='ocrx_word' id='word_1_155' title='bbox 166 3127 391 3211; x_wconf 72' lang='lat' dir='ltr'>Scienit&#39;ficus;</span> <span class='ocrx_word' id='word_1_156' title='bbox 418 3126 480 3191; x_wconf 86' lang='lat' dir='ltr'>ulio</span> <span class='ocrx_word' id='word_1_157' title='bbox 501 3126 638 3205; x_wconf 86' lang='lat' dir='ltr'>nomine,</span> <span class='ocrx_word' id='word_1_158' title='bbox 653 3125 857 3196; x_wconf 76' lang='grc' dir='ltr'>Ἀποδεικτικός</span> <span class='ocrx_word' id='word_1_159' title='bbox 878 3127 1018 3190; x_wconf 79' lang='lat' dir='ltr'>Demon-</span> 
     </span>
     <span class='ocr_line' id='line_1_27' title="bbox 165 3233 1018 3312; baseline 0.001 -13"><span class='ocrx_word' id='word_1_160' title='bbox 165 3239 333 3312; x_wconf 72' lang='lat' dir='ltr'>strattone,</span> <span class='ocrx_word' id='word_1_161' title='bbox 349 3250 381 3301; x_wconf 86' lang='lat' dir='ltr'>et</span> <span class='ocrx_word' id='word_1_162' title='bbox 402 3236 563 3302; x_wconf 87' lang='lat' dir='ltr'>interdum</span> <span class='ocrx_word' id='word_1_163' title='bbox 587 3239 835 3303; x_wconf 79' lang='lat' dir='ltr'>Demonstratio.</span> <span class='ocrx_word' id='word_1_164' title='bbox 880 3233 1018 3300; x_wconf 89' lang='lat' dir='ltr'>Conclu-</span> 
     </span>
     <span class='ocr_line' id='line_1_28' title="bbox 166 3343 1019 3434; baseline 0.004 -26"><span class='ocrx_word' id='word_1_165' title='bbox 166 3345 270 3408; x_wconf 87' lang='lat' dir='ltr'>siones</span> <span class='ocrx_word' id='word_1_166' title='bbox 292 3343 374 3409; x_wconf 90' lang='lat' dir='ltr'>enim</span> <span class='ocrx_word' id='word_1_167' title='bbox 400 3357 501 3412; x_wconf 87' lang='lat' dir='ltr'>certas</span> <span class='ocrx_word' id='word_1_168' title='bbox 529 3361 561 3413; x_wconf 89' lang='lat' dir='ltr'>et</span> <span class='ocrx_word' id='word_1_169' title='bbox 587 3347 747 3413; x_wconf 90' lang='lat' dir='ltr'>evidentes</span> <span class='ocrx_word' id='word_1_170' title='bbox 772 3346 860 3434; x_wconf 86' lang='lat' dir='ltr'>apud</span> <span class='ocrx_word' id='word_1_171' title='bbox 890 3343 1019 3412; x_wconf 83' lang='lat' dir='ltr'>Mathe·</span> 
     </span>
    </p>
   </div>
   <div class='ocr_carea' id='block_1_5' title="bbox 166 3439 1021 3646">
    <p class='ocr_par' dir='ltr' id='par_1_8' title="bbox 166 3439 1021 3646">
     <span class='ocr_line' id='line_1_29' title="bbox 166 3439 1019 3538; baseline 0.005 -24"><span class='ocrx_word' id='word_1_172' title='bbox 166 3452 299 3515; x_wconf 80' lang='lat' dir='ltr'>metiens</span> <span class='ocrx_word' id='word_1_173' title='bbox 321 3451 452 3538; x_wconf 84' lang='lat' dir='ltr'>reperiri</span> <span class='ocrx_word' id='word_1_174' title='bbox 473 3439 590 3518; x_wconf 81' lang='lat' dir='ltr'>multas</span> <span class='ocrx_word' id='word_1_175' title='bbox 612 3452 645 3516; x_wconf 91' lang='lat' dir='ltr'>in</span> <span class='ocrx_word' id='word_1_176' title='bbox 667 3454 808 3518; x_wconf 89' lang='lat' dir='ltr'>confesso</span> <span class='ocrx_word' id='word_1_177' title='bbox 829 3465 897 3518; x_wconf 90' lang='lat' dir='ltr'>est:</span> <span class='ocrx_word' id='word_1_178' title='bbox 932 3476 1019 3518; x_wconf 91' lang='lat' dir='ltr'>cum-</span> 
     </span>
     <span class='ocr_line' id='line_1_30' title="bbox 167 3556 1021 3646; baseline 0.005 -27"><span class='ocrx_word' id='word_1_179' title='bbox 167 3578 233 3643; x_wconf 88' lang='lat' dir='ltr'>que</span> <span class='ocrx_word' id='word_1_180' title='bbox 262 3556 319 3635; x_wconf 89' lang='lat' dir='ltr'>illi,</span> <span class='ocrx_word' id='word_1_181' title='bbox 350 3581 424 3644; x_wconf 83' lang='lat' dir='ltr'>quae</span> <span class='ocrx_word' id='word_1_182' title='bbox 453 3558 579 3639; x_wconf 88' lang='lat' dir='ltr'>docent,</span> <span class='ocrx_word' id='word_1_183' title='bbox 610 3559 729 3624; x_wconf 81' lang='lat' dir='ltr'>soleant</span> <span class='ocrx_word' id='word_1_184' title='bbox 758 3558 910 3646; x_wconf 81' lang='lat' dir='ltr'>adjuncto</span> <span class='ocrx_word' id='word_1_185' title='bbox 939 3561 1021 3624; x_wconf 85' lang='lat' dir='ltr'>Din-</span> 
     </span>
    </p>
   </div>
   <div class='ocr_carea' id='block_1_6' title="bbox 0 0 1227 4330">
    <p class='ocr_par' dir='ltr' id='par_1_9' title="bbox 0 0 1227 4330">
     <span class='ocr_line' id='line_1_31' title="bbox 0 0 1227 4330; baseline 0 0"><span class='ocrx_word' id='word_1_186' title='bbox 0 0 1227 4330; x_wconf 95' lang='lat' dir='ltr'> </span> 
     </span>
    </p>
   </div>
  </div>
 </body>
</html>
