2424 4330
194 389 256 448 278
443 377 504 440 DE
526 375 797 440 EVIDENTIA.

196 541 315 629 cipitur
329 539 381 606 vel
395 553 442 607 est
458 553 570 628 sponte
586 540 807 628 perspicuum
833 539 885 604 vel
898 563 919 605 a
933 553 1050 628 sponte

193 653 362 742 perspicuo
385 652 518 740 propius
539 653 648 728 abest;
679 651 730 716 vel
754 652 912 716 utrumvis
931 651 1050 718 horurn

197 763 335 829 videtur.

239 876 350 961 Atque
379 874 463 952 hinc,
489 897 611 952 rursus,
638 875 815 940 Evidenlio
840 873 1052 939 multifariam

196 985 361 1052 dividitur.
408 986 469 1050 Sed
500 999 608 1052 nostro
635 985 749 1051 sufficit
774 985 934 1064 instituto,
961 987 1051 1072 quod

196 1096 276 1174 haec,
298 1096 339 1161 de
360 1100 427 1184 qud
452 1096 626 1184 loquimur,
650 1095 879 1184 Propositionis
908 1097 1052 1161 Echion

195 1213 256 1288 tic,
271 1208 322 1273 vel
344 1220 391 1273 est
414 1209 443 1271 1.
460 1209 638 1274 Aniomotis
660 1218 771 1295 sponte
793 1206 974 1294 perspicui3
998 1209 1052 1272 cui

195 1319 329 1407 proinde
344 1319 409 1384 sine
427 1319 493 1384 ullt
510 1320 697 1407 probatione
717 1319 923 1394 assentimur:
948 1319 1000 1382 vel
1019 1322 1052 1381 2.

200 1433 423 1498 conclusionis
437 1430 479 1495 ab
493 1431 649 1516 ejusmodi
664 1428 878 1494 axiomatibus
897 1428 1054 1509 (immedi-

197 1550 249 1606 ate
262 1563 302 1604 an
319 1542 454 1606 mediate
472 1562 587 1626 parum
607 1540 717 1617 refert,
731 1539 842 1624 modo)
860 1543 920 1605 rite
933 1539 1055 1604 deduc·

196 1663 247 1716 tae.
293 1651 376 1715 Nam
399 1674 473 1715 cum
495 1674 560 1716 uua
581 1653 622 1717 sit
645 1653 780 1728 Veritas,
807 1650 867 1716 sibi
894 1663 1054 1732 constans,

197 1772 335 1848 apteque
357 1762 536 1838 cohaereus;
561 1762 714 1850 quodque
733 1786 857 1841 verum,
873 1763 924 1827 vel
946 1786 1005 1849 per
1020 1787 1055 1828 se

198 1884 321 1937 certum
344 1885 442 1960 atque
464 1873 593 1939 evidens
616 1875 667 1953 sit,
690 1874 742 1939 vel
763 1897 837 1941 cum
860 1874 962 1939 effatis
984 1873 1058 1960 qui-

198 1983 335 2050 busdam
365 1986 460 2050 certis
490 1996 522 2050 et
552 1985 753 2051 evidentibus
782 1983 954 2050 necessario
983 2007 1059 2049 con-

198 2117 337 2170 nexum3
376 2096 424 2173 fit,
454 2109 491 2161 ut
528 2098 766 2184 quamprimum
806 2095 1059 2183 apprehenditur

200 2206 269 2270 haec
284 2209 450 2288 connexio,
467 2207 577 2272 eidem
598 2208 703 2272 omnia
724 2207 815 2294 quasi
830 2207 901 2272 luce
915 2207 1060 2294 perfusa,

202 2339 310 2402 parem
328 2317 462 2405 (specie)
478 2331 715 2404 consequantur
730 2341 900 2384 assensum.

248 2547 392 2627 Objecnve
410 2552 541 2608 evidence
562 2554 592 2607 in
613 2553 661 2609 the
680 2552 814 2627 primary
827 2550 930 2627 degree
943 2553 968 2610 is
982 2571 1001 2610 a
1015 2572 1060 2611 re·

204 2628 295 2686 latiou
316 2631 445 2688 between
467 2651 523 2706 any
546 2644 603 2688 two
629 2633 738 2707 things,
764 2651 796 2689 so
822 2651 975 2706 necessary
1001 2634 1062 2691 aud

206 2709 334 2782 obvious,
348 2712 414 2769 that
434 2711 507 2769 their
526 2724 690 2788 agreement
707 2733 738 2771 cr
757 2714 969 2789 diaagreement
987 2733 1060 2774 can·

206 2801 258 2848 net
271 2792 371 2850 butbe
392 2791 512 2850 allowed
531 2812 563 2850 aa
583 2813 652 2851 soon
671 2813 704 2851 as
723 2794 879 2871 perceived.
916 2793 1063 2854 Sachare

208 2873 291 2930 those
314 2875 437 2951 primary
461 2876 583 2941 axioma,
605 2876 655 2932 the
677 2875 845 2951 knowledge
867 2874 901 2932 ol
920 2876 1015 2934 which
1038 2879 1065 2934 is

209 2954 343 3029 acquired
367 2952 438 3012 from
461 2973 493 3012 so
515 2956 592 3028 early
614 2976 633 3013 a
655 2974 769 3031 process
791 2956 824 3012 ol
847 2956 1005 3024 induerim,
1031 2959 1063 3016 in

210 3035 305 3092 minda
331 3037 520 3093 unconscious
546 3035 579 3092 oi
605 3036 679 3095 their
705 3055 771 3094 own
798 3039 970 3112 operatione,
998 3037 1065 3096 that

211 3115 279 3190 they
293 3135 341 3174 are
361 3116 441 3175 osten
458 3117 577 3175 deemed
597 3119 744 3186 intuitive;
767 3117 824 3175 and
838 3118 931 3176 which
951 3119 1067 3178 neither

211 3197 321 3272 require
355 3217 406 3254 nor
437 3199 527 3255 admit
560 3199 718 3274 syllogistic
751 3198 846 3274 proci:
882 3217 924 3268 as,
956 3197 1066 3276 Tln'nqs

211 3276 303 3335 which
316 3296 367 3335 ore
381 3276 481 3336 double
494 3278 533 3353 cf
547 3279 592 3336 the
612 3298 689 3336 same
709 3297 761 3336 ore
781 3277 869 3357 equo!
888 3287 916 3336 to
936 3297 989 3336 one
1010 3299 1066 3336 on-

212 3357 303 3415 other.
347 3358 380 3416 ln
394 3361 443 3416 the
456 3360 613 3434 recondary
627 3361 739 3436 degree,
753 3361 776 3416 it
792 3361 911 3418 denotas
933 3361 981 3416 the
1003 3380 1067 3420 cer·

212 3440 307 3511 tainty
320 3438 353 3495 oi
370 3441 451 3498 those
471 3441 607 3498 relations
621 3441 715 3498 which
735 3460 801 3516 may
815 3444 850 3500 be
870 3441 1068 3517 immediately

213 3515 341 3576 deduced
353 3519 425 3578 horu
440 3521 521 3579 these
538 3523 661 3598 primary
675 3524 803 3580 axioma:
827 3541 870 3592 aa,
888 3521 946 3578 The
959 3540 1068 3600 square

213 3611 249 3653 cn
260 3597 306 3655 tltc
315 3598 507 3677 hypothenusae
515 3602 576 3677 osu
583 3602 956 3680 ciphi-anpled-trionpleia
966 3604 1068 3662 ahewu
