2412 4326
207 387 268 440 334
460 377 521 438 DE
545 374 805 438 SOLUTIONE

207 556 355 630 docerem
379 554 477 642 idque
502 555 561 620 hac
583 554 664 640 lege,
690 567 726 618 ut
748 553 917 620 dimidium
941 578 1066 620 mercc-

208 658 257 724 dis
272 659 378 722 statim
396 658 573 744 acciperet;
598 657 770 745 reliquum,
786 681 857 722 cum
881 657 1065 744 discipulus

206 783 331 826 causam
362 760 496 826 vicisset.
550 760 690 824 Primam
720 759 835 826 exinde
864 760 952 825 litem
983 783 1063 826 cum

207 861 374 948 Discipulo
396 875 592 928 contestatus
615 874 662 926 est
687 859 855 948 Magister,
881 886 954 928 cum
977 883 1064 926 mer-

206 965 291 1030 cedis
308 966 468 1053 reliquum
491 966 561 1053 lege
580 978 714 1052 peteret,
730 965 816 1052 apud
833 968 856 1030 J
859 965 966 1032 udices
982 989 1061 1030 vero

205 1067 249 1131 sic
278 1069 413 1151 agebat:
445 1071 519 1152 Ego
547 1073 576 1132 si
604 1073 718 1146 cicero,
746 1071 850 1148 Tisia,
878 1072 934 1136 Tu
959 1073 1062 1135 coloes

203 1193 243 1234 ec
271 1169 456 1247 sententici,·
486 1175 540 1237 sin
565 1174 686 1248 minus,
709 1194 749 1236 eu
775 1181 891 1256 poeto:
923 1181 1061 1256 utroque

206 1277 308 1356 r'gitm
329 1277 417 1338 modo
436 1277 620 1340 solvendum
643 1284 699 1340 est.
747 1275 925 1362 Respondit
941 1275 1058 1352 Tisias,

205 1379 279 1461 Ego
297 1383 383 1443 nihil
402 1383 505 1453 solum·
536 1381 590 1444 Tu
612 1382 641 1442 si
662 1383 785 1459 ciceris,
807 1402 846 1444 ccc
864 1387 981 1462 poclm·
1005 1383 1058 1443 sin

205 1484 325 1557 minuc,
341 1503 380 1545 en
402 1477 573 1546 scatentia.
620 1479 728 1545 Tanto
745 1482 896 1569 utrinque
911 1483 1058 1546 acumine

203 1582 339 1668 perculsi
359 1583 434 1646 boni
450 1583 587 1668 judices,
604 1583 823 1649 exclamarunt
846 1589 946 1648 Κακοῦ
962 1582 1058 1670 Ko'pa-

203 1708 249 1756 κος
272 1684 356 1748 κακὸν
378 1680 440 1764 olor,
460 1709 653 1773 causamque
673 1685 706 1750 in
729 1685 948 1773 longissimum
971 1685 1056 1750 diem

176 1843 178 1848 .
204 1787 410 1854 distulerunt.

250 1893 402 1979 Ineptum
425 1906 493 1959 erat
513 1893 641 1958 Coracis
663 1892 826 1958 Dilemma
848 1893 926 1979 quia
948 1892 1057 1979 potnit

203 2012 268 2060 tam
291 1996 370 2059 bene
390 1999 576 2083 retorqueri.
623 1996 840 2062 Nihilominus
854 1995 968 2061 callide
984 2017 1057 2082 age·

203 2099 269 2173 bat,
286 2100 311 2162 si
334 2099 367 2162 id
382 2100 515 2165 Judices
530 2099 691 2165 vidissent.
737 2101 820 2164 Nam
843 2123 916 2164 cum
940 2122 1056 2164 merce-

201 2199 273 2262 dem
309 2200 419 2287 inique
454 2214 588 2289 peteret,
620 2199 717 2266 causa
751 2202 862 2268 cadere
892 2200 1053 2278 debebat3

202 2303 438 2388 quamprimum
473 2315 582 2370 autem
611 2303 784 2382 cecidisset,
811 2303 839 2368 ei
869 2326 988 2370 merces
1013 2327 1056 2368 ex

202 2417 296 2490 pacto
311 2405 499 2472 debehatur.

201 2725 231 2814 ς.
248 2725 278 2790 6.
316 2730 345 2791 4.
374 2711 650 2809 Msunmus
678 2732 735 2818 qui
765 2742 812 2796 est
844 2733 958 2797 craeee
982 2735 1056 2795 cn

201 2827 317 2912 δόμενος,
335 2831 509 2919 Chrysippi
530 2832 741 2919 syllogismus
763 2857 803 2898 ne
824 2837 865 2900 ab
887 2836 957 2922 ipso
980 2837 1055 2922 qui-

199 2931 272 2996 dem
297 2934 432 3012 solutus,
458 2947 575 3021 praeter
597 2948 727 3000 caeteros
753 2936 931 3002 insolubilis
955 2937 1053 3003 habe-

199 3047 263 3099 tur.
294 3033 381 3098 Eum
395 3035 506 3100 Cicero
521 3036 565 3100 sic
578 3037 741 3103 enuntiat:
767 3042 807 3106 Si
822 3041 902 3104 dicis
917 3048 947 3106 tc
962 3061 1050 3105 merc-

200 3142 267 3216 tirc’,
296 3147 329 3204 et
355 3161 466 3202 cerum
494 3142 584 3216 dicis,
614 3145 786 3217 mentiris,·
822 3144 889 3208 Sed
916 3144 997 3207 dicis
1023 3152 1054 3208 te

198 3245 336 3318 mentiri,
353 3250 384 3308 ct
396 3264 507 3308 oerum
522 3247 623 3321 dicis,·
647 3249 793 3310 mentiris
806 3247 920 3328 igitur.

244 3347 394 3432 Congrue
433 3345 574 3433 loquere,
609 3348 799 3436 Chrysippe‚
833 3361 864 3413 et
893 3347 1051 3433 intelliges

200 3457 231 3509 te
256 3447 305 3511 vel
331 3447 411 3512 nihil
432 3470 571 3534 prorsus,
595 3449 647 3514 vel
669 3449 748 3514 nihil
778 3449 881 3514 dicere
910 3447 1049 3516 difficile.

200 3547 262 3623 Qui
287 3571 319 3613 se
340 3548 418 3615 dicit
439 3555 619 3630 mentitum,
639 3565 671 3618 et
694 3575 804 3618 verum
824 3551 912 3630 dicit,
936 3556 1049 3617 meriti-
