2424 4330
455 403 515 465 DE
537 403 783 468 OPINIONE.
960 413 1020 470 26⁹

508 692 607 758 CAP.
641 693 680 756 V.

278 850 325 894 DE
339 848 561 894 sruuoalsmo
577 847 696 898 QUOAD
711 849 908 894 maranum.

372 1010 402 1098 §-
428 1013 455 1074 1.
472 964 504 1074 ei
520 1011 548 1072 a.
583 1010 821 1094 memnone.

167 1148 198 1236 §.
224 1149 254 1210 1.
300 1130 419 1211 HAEC
446 1145 487 1209 de
515 1143 705 1232 Syllogismo
730 1146 837 1233 quoad
864 1151 1015 1215 Formam

165 1272 318 1347 spectato.
363 1259 437 1321 Jam
468 1256 507 1320 de
542 1255 652 1320 eodem
690 1256 795 1340 quoad
825 1260 1011 1330 Materiam,

164 1372 197 1436 h.
221 1393 249 1434 e.
274 1371 506 1435 (lenitudinem
529 1380 561 1434 et
587 1370 795 1434 Euidemtium
824 1370 1011 1458 propositio-

164 1503 243 1544 num
258 1503 297 1544 ex
313 1478 431 1567 quibus
446 1477 657 1565 componitur.

210 1592 307 1656 Certa
327 1601 432 1654 autern
449 1589 624 1676 propositio
639 1602 697 1667 est,
713 1590 765 1654 cui
780 1589 859 1654 nihil
874 1591 1010 1656 occurrit

163 1703 196 1766 in
222 1701 425 1778 contrarium,
449 1701 500 1765 vel
521 1701 608 1788 quod
635 1702 771 1767 occurrit
796 1701 895 1766 instar
923 1702 1011 1766 nihili

162 1826 230 1888 est3
263 1825 312 1892 ut,
345 1815 456 1878 Omnis
484 1815 573 1876 imno
602 1820 649 1876 est
673 1814 821 1876 risibilis:
855 1813 1010 1891 Evidens,

164 1946 239 2010 quae
269 1922 362 1988 simul
392 1947 429 1987 ac
459 1922 634 2010 percipitur
663 1944 823 1987 assensum
853 1923 1008 2011 imperat3

161 2047 212 2114 ut,
242 2037 359 2100 Totam
389 2042 436 2098 est
464 2037 571 2114 majus
595 2031 656 2098 suci
682 2043 799 2118 parte:
830 2035 951 2112 Dubia,
977 2036 1009 2100 in

163 2144 231 2232 quia
255 2146 424 2224 haeremuS,
447 2168 519 2209 cum
546 2145 632 2209 illius
657 2168 731 2232 pars
756 2160 891 2231 utraque
917 2146 1010 2211 valde
1036 2205 1038 2209 .

161 2281 194 2322 se
208 2257 322 2344 probet
335 2255 525 2331 intellectui;
550 2269 598 2335 ut,
608 2257 706 2321 Astra
717 2265 837 2343 regamt
850 2259 990 2323 immines
995 2286 1007 2334 ;

159 2390 234 2432 nam
251 2380 283 2432 et
296 2391 404 2454 regere
418 2383 451 2431 et
462 2389 524 2430 non
540 2390 648 2453 regere
663 2367 822 2432 videntur.

205 2477 376 2543 Dubitanti
392 2477 497 2564 siquid
512 2476 600 2541 aliud
614 2488 771 2555 occurrat,
788 2500 853 2564 quo
867 2478 1007 2564 pendens

160 2589 285 2654 animus
299 2589 332 2652 in
352 2588 538 2653 alterutram
552 2601 676 2675 partem
696 2588 901 2676 propendeat,
918 2591 1006 2678 quod

160 2713 226 2766 erat
250 2699 395 2764 Dubium
424 2699 461 2763 fit
490 2700 662 2764 Probabile.
708 2699 753 2764 Et
782 2712 887 2786 potest
916 2701 1005 2788 quod

159 2813 315 2900 probatur
351 2813 463 2875 Verum
493 2833 571 2890 esse,
602 2810 656 2874 sed
693 2811 840 2898 probanti
879 2824 1002 2876 tanturn

164 2926 334 2988 Verisimile
354 2936 410 2988 est·
456 2920 573 2986 Multis
594 2920 798 2986 nihilominus
816 2923 1005 2987 assentimur

155 3035 219 3100 isto
233 3033 339 3110 modo,
355 3045 386 3096 et
401 3031 540 3096 assensui
554 3054 667 3097 nomen
682 3045 730 3097 est
748 3034 872 3114 Opinio,

199 3147 262 3210 Est
276 3145 376 3232 igitur
393 3146 511 3228 Opinio
531 3143 755 3230 propositionis
779 3151 907 3208 tamtum
929 3163 1002 3225 pro·

156 3257 266 3322 babilis
273 3289 288 3334 ,·
310 3255 403 3342 eique
421 3254 510 3319 nulla
529 3255 680 3341 competit
694 3252 874 3328 certitudo;
899 3252 1000 3318 sedin

154 3369 223 3456 ipsi
248 3367 297 3433 sui
322 3366 444 3432 ratione
472 3365 606 3431 includit
625 3368 833 3452 formidinem
856 3368 1000 3449 oppositi.

155 3481 238 3544 Sunt
261 3477 412 3565 Opinioni
429 3490 534 3542 tamen
552 3477 683 3543 Gradus
697 3474 827 3562 quidam
846 3477 889 3539 ud
910 3480 1000 3543 uerti·

151 3592 309 3668 tudinem,
334 3611 393 3676 pro
422 3588 546 3654 diverso
574 3587 713 3675 pondere
742 3586 901 3654 rationum
926 3612 999 3677 quae

531 3720 551 3759 a
566 3719 585 3759 a
598 3700 617 3755 2
