2424 4330
205 595 365 640 assensum
386 587 524 650 movent,
546 575 673 639 diversi.
720 573 779 639 Est
795 573 882 660 quod
898 575 1068 654 omnibus,

207 685 296 771 quod
323 685 492 772 plerisque,
518 686 605 772 quod
630 685 826 772 sapientibus
852 685 1001 760 videtur;
1031 701 1068 751 et

203 421 264 479 27⁰
466 413 527 472 DE
549 413 793 474 OPINIONE.
1184 348 1200 693 ὶ

208 795 295 884 quod
326 795 440 860 horum
473 797 619 883 singulis,
651 798 738 882 quod
768 793 939 884 plerisque,
970 798 1067 883 quod

206 907 438 980 celeberrimis:
463 931 601 996 quorum
623 907 763 971 omnium
787 907 894 994 dispar
915 920 962 972 est
988 931 1068 996 pro-

206 1017 373 1092 babilitas3
398 1019 612 1106 quorumdam
636 1041 711 1082 vero
726 1031 825 1096 tanta,
848 1032 884 1083 ut
906 1018 946 1082 ad
967 1021 1067 1084 certi-

208 1129 350 1194 tudinem
367 1154 464 1217 quam
480 1129 623 1218 proxime
639 1129 777 1196 accedat.

1203 1124 1204 1169 i

213 1523 242 1610 ᾗ.
260 1527 291 1590 2.
314 1504 411 1592 QUI
438 1527 626 1608 Opinionem
650 1522 695 1602 (h.
716 1546 743 1586 e.
767 1545 926 1586 assensum
949 1547 1066 1609 quem-

208 1634 285 1698 libet
319 1635 447 1700 scientii
469 1634 637 1718 minorem)
665 1634 749 1719 parit
774 1633 981 1720 Syllogismus
1005 1659 1063 1721 ap-

208 1745 345 1830 pellatur
361 1750 570 1822 Diducimus,
588 1744 785 1822 Διαλεκτικὸς,
801 1745 822 1807 i.
838 1769 865 1808 e.
887 1746 1062 1832 probabili-

207 1869 256 1921 ter
281 1859 457 1924 disserens:
480 1881 618 1944 quaeque
640 1857 767 1944 proprie
790 1857 908 1922 dicitur
932 1860 1063 1924 Dialec-

208 1973 281 2045 tica,
305 1983 353 2035 est
375 1994 448 2058 pars
471 1969 600 2054 Logicae
624 1992 697 2055 quoe
718 1969 759 2032 de
780 1968 841 2031 hoc
867 1969 934 2056 agit
959 1969 1065 2055 Syllo·

206 2083 318 2166 gismo.
379 2081 555 2166 Multiplex
586 2093 692 2146 autem
729 2094 775 2160 est
812 2080 944 2144 materia
978 2080 1062 2144 circa

207 2213 303 2275 quam
334 2202 479 2254 versatur
508 2189 626 2273 opinio,
657 2201 688 2253 et
723 2211 780 2274 per
809 2211 917 2252 omnes
951 2211 1062 2275 sparsa

207 2300 406 2386 disciplinas:
431 2301 523 2386 cujus
543 2300 698 2365 infinitam
719 2323 799 2388 pene
819 2302 1003 2366 varietatem
1018 2302 1062 2365 ad

206 2434 309 2496 pauca
336 2412 440 2499 capita
466 2411 625 2476 revocavit
652 2412 853 2490 Aristoteles,
879 2425 910 2477 et
937 2414 999 2478 sub
1024 2415 1063 2478 iis

208 2520 315 2586 Effata
338 2523 512 2587 Dialectica
534 2523 598 2586 suis
620 2524 711 2609 quasi
732 2524 765 2586 in
789 2523 915 2588 sedibus
936 2528 1060 2590 locavit.

208 2632 290 2694 Haec
310 2632 419 2718 itaque
442 2633 546 2717 capita
568 2630 686 2712 Times,
701 2634 722 2695 i.
739 2657 765 2696 e.
783 2635 883 2698 Locos
899 2633 1060 2720 appellum

208 2742 294 2806 unde
317 2743 526 2829 Syllogismus
548 2744 743 2809 Dialecticus
765 2745 827 2808 alio
847 2744 973 2808 nomine
999 2748 1063 2810 To-

204 2858 300 2938 picns
315 2854 443 2920 dicitur.

251 2967 302 3031 De
325 2967 420 3031 Locis
443 2967 626 3032 Dialecticis
648 2980 679 3032 et
702 2969 742 3032 ad
765 2991 801 3031 ea
827 2967 1063 3053 pertinentibus

209 3079 337 3164 Effatis²
364 3077 428 3142 sive
455 3078 506 3158 (ut
534 3080 718 3145 Scholastici
743 3079 868 3158 vocant)
895 3079 1062 3154 Maximis,

208 3189 303 3274 plura
331 3212 394 3253 non
424 3190 548 3276 loquor.
609 3192 673 3254 Pro
695 3191 841 3274 exemplo
865 3205 968 3254 tamen
1001 3189 1064 3254 hoc

210 3301 336 3387 accipe:
378 3300 466 3364 Inter
498 3300 658 3364 Maximus
690 3301 767 3365 Loci
796 3302 903 3389 primi,
925 3303 982 3388 qui
1014 3317 1063 3366 est

214 3411 456 3487 Testimonium,
483 3411 640 3498 reperitur
668 3412 758 3487 haec;
791 3416 910 3478 Peritis
934 3417 1064 3479 creden-

209 3520 285 3582 dum
311 3530 359 3584 est
383 3525 418 3584 in
445 3521 507 3586 suti
531 3532 621 3588 crte:
651 3548 692 3588 ex
714 3523 781 3611 qui
802 3525 928 3591 elicitur
950 3523 1064 3612 hujus-

209 3629 294 3694 modi
312 3630 520 3716 Syllogismus
537 3633 690 3719 Topicus.
721 3639 813 3711 Quod
827 3635 1066 3726 (Pythagoras)¹
