2412 4326
402 413 755 478 SOPHISMA'I'UM.
943 427 1004 482 839

152 593 357 680 Sophistem!
397 592 454 680 qui
476 595 619 661 mercede
648 595 749 683 duple
770 597 856 664 hune
877 597 1003 665 fumum

149 699 314 775 vendidit;
345 703 397 766 Vel
409 703 476 776 bae,
491 704 542 766 vel
554 704 638 768 iliad
655 707 781 770 evenire
794 713 841 769 eet
854 725 1001 781 neeesse,-

152 805 258 882 Quere
281 806 339 868 too
363 811 395 869 et
416 826 483 868 aon
505 806 590 868 illud
613 809 790 870 necessario
814 815 1004 872 eventurum

150 913 207 971 eet.
254 905 345 970 Nihil
360 906 497 992 emplius
518 905 596 971 dicit
611 907 668 993 qui
684 908 728 971 sic
742 906 872 986 dixerit,
892 911 936 975 Ut
956 913 1007 974 ael

152 1019 252 1076 metae
276 1013 326 1074 oet
353 1032 421 1074 aare
446 1019 546 1076 metae
574 1019 621 1076 est
649 1033 793 1087 aeacum
832 1013 923 1100 Ergo
955 1013 1007 1079 Vel

151 1116 329 1180 necessario
364 1121 460 1178 metes
496 1115 546 1178 eet
582 1117 759 1179 necessaria
797 1137 864 1178 aaa
900 1125 1005 1182 meter.

145 1219 309 1294 Breviter,
331 1217 399 1282 haee
421 1218 570 1282 Fallacia
592 1219 771 1282 Divitione'e
792 1231 859 1293 est;
884 1242 957 1284 nam
972 1220 1005 1285 in

152 1319 384 1396 Antecedeute,
408 1319 530 1384 Modus
556 1321 745 1386 Necessario
763 1342 826 1384 uon
850 1321 1006 1386 tribuitur

152 1424 212 1489 nisi
250 1424 310 1489 toti
348 1423 581 1510 Disjunetivae;
621 1422 676 1488 sed
714 1423 746 1487 iu
783 1425 1005 1510 Consequente

153 1523 272 1590 dieitur
287 1523 327 1588 de
342 1523 484 1610 ejusdem
499 1523 649 1588 membris
665 1524 794 1588 seorsim
808 1525 956 1611 acceptis.

196 1624 250 1686 14.
274 1621 413 1686 lausve
435 1623 552 1686 Rurro
572 1621 623 1686 vel
637 1623 742 1709 Ἀργᾶς
763 1621 849 1712 Λόγος
870 1623 1009 1712 appelle-

153 1739 219 1806 tur,
235 1725 292 1812 qui
307 1724 333 1790 si
348 1724 452 1790 valeat
466 1724 545 1788 nihil
560 1737 607 1789 est
629 1725 758 1790 omnino
772 1728 860 1813 quod
875 1751 1007 1814 agamus

151 1832 187 1896 in
202 1830 280 1894 vite.
303 1829 342 1892 V.
356 1853 388 1915 g.
404 1831 446 1895 St
456 1830 578 1894 Fatum
593 1836 641 1894 eet
654 1838 774 1912 (egroto
784 1833 1007 1910 conualescere,

151 1939 218 2000 etue
252 1934 408 1997 medicam
438 1933 619 2010 adhibuerit
643 1935 709 1996 eive
729 1953 796 1996 noer
817 1933 1008 2010 adbibuerit,

152 2039 366 2103 oonoaleeaet:
390 2034 526 2111 Pariter,
541 2037 570 2098 εἰ
583 2036 633 2098 uu
649 2037 773 2100 Fatum
789 2043 837 2100 eet
856 2057 921 2100 eruet
936 2057 1009 2101 eon-

151 2143 318 2217 aateeoere,
332 2141 398 2204 ee'ue
412 2139 567 2202 ewdieam
588 2139 769 2203 adhibuerit
787 2140 853 2204 siue
871 2160 938 2204 aon
953 2142 1010 2203 ad-

152 2246 302 2320 bibuerit,
317 2263 385 2306 uon
395 2243 607 2306 oeaeelemet:
630 2248 662 2305 et
676 2244 870 2307 alterutram
885 2244 1008 2308 Fatum

153 2355 220 2422 est,-
244 2347 400 2410 medicam
415 2365 488 2426 erge
502 2345 650 2408 adbibere
669 2347 754 2408 nteit
773 2347 898 2410 attinet.
944 2346 1007 2410 Le·

152 2449 226 2536 pide
241 2447 405 2534 respondit
421 2445 625 2533 Chrysippus
638 2468 730 2533 posse
744 2469 811 2510 esse
828 2449 1006 2533 eensatatia

153 2551 305 2618 adbibere
330 2548 490 2613 medicum
515 2559 548 2612 et
577 2547 812 2614 oonvalescere:
849 2549 1007 2629 Quemad-

152 2657 284 2724 modum
314 2668 346 2720 et
377 2657 477 2731 Zeno,
502 2653 632 2740 quando
658 2677 783 2722 servum
810 2655 914 2722 iurem
938 2679 1007 2721 ver-

152 2760 295 2832 berabat,
325 2761 452 2824 Farare'
480 2759 539 2824 eibi
567 2759 690 2824 Fatum
722 2782 788 2825 esee
817 2759 944 2836 dicenti,
975 2773 1007 2823 et

159 2863 319 2946 Vapulare
333 2857 505 2946 respoudit.
553 2858 615 2923 Sed
630 2859 826 2925 commodius
840 2859 903 2924 dici
918 2859 1007 2924 vide·

152 2979 217 3043 tur,
247 2965 280 3030 Si
310 2964 351 3028 sit
382 2963 513 3037 Fatum,
540 2961 599 3025 hoe
624 2959 729 3026 velere
758 2975 1002 3047 argumentum

151 3067 251 3154 idque
271 3064 321 3130 vel
336 3063 439 3130 solum
460 3061 601 3128 sufficere
620 3086 660 3128 ne
676 3064 794 3128 Fatum
810 3086 876 3130 esse
894 3083 1004 3127 conee-

152 3170 276 3236 demus.
319 3169 557 3254 Argumentum
573 3166 668 3232 hoece
683 3180 714 3234 et
729 3191 804 3254 quae
817 3165 1004 3254 praeeeduut

152 3294 207 3359 pp.
221 3273 299 3350 333,
314 3271 390 3334 334.
414 3266 468 3332 ΝΟ.
480 3271 511 3332 2.
527 3281 559 3334 et
576 3270 606 3333 3.
618 3293 659 3334 ex
671 3269 872 3334 Dilemmetis
881 3267 1005 3354 legibus

153 3373 243 3439 facile
258 3371 438 3438 solvuntur.

153 3579 184 3667 θ’.
201 3581 231 3650 9·
263 3565 437 3648 PLURA
459 3592 533 3645 sunt
555 3579 643 3665 apud
665 3581 806 3646 Autores
830 3578 1005 3670 Inexpliee-
