2412 4326
387 899 745 990 APPENDIX

278 1149 325 1198 DE
346 1149 558 1200 SOLUTIONE
578 1147 863 1201 SOPHISMATUM.

486 1403 644 1448 -ψ-

232 1629 266 1716 §.
290 1633 320 1695 l.
358 1633 410 1696 De
424 1633 632 1716 Argumentis
646 1635 896 1717 lavatagaada.

148 1769 500 1864 Casasaaaaaa
533 1787 715 1874 syllogismi
748 1786 916 1852 difficultas
952 1785 994 1851 ad

147 1889 227 1952 duas
258 1889 384 1975 Species
413 1891 553 1954 revocari
581 1891 720 1976 poterin
754 1889 896 1966 alteram,
920 1913 994 1977 quoe

147 1992 179 2055 in
196 1992 389 2076 Argameati
402 1989 558 2070 Materici,
574 1993 717 2070 alteram,
732 2015 806 2082 quae
829 1991 860 2055 in
877 1990 995 2058 Formi

148 2093 307 2159 consistit:
336 2117 408 2158 nam
431 2094 488 2180 qui
509 2094 565 2158 has
587 2092 667 2159 duas
687 2092 838 2180 expedire
861 2093 995 2170 noverit,

149 2195 175 2258 is
194 2196 228 2258 in
249 2193 354 2273 tertia,
371 2219 445 2281 quae
467 2219 506 2259 ex
530 2198 696 2260 ambarum
710 2199 921 2280 eompleaione
935 2197 997 2260 ori-

152 2313 216 2377 tur,
232 2323 295 2363 non
310 2299 453 2365 haerebit.

197 2402 230 2465 Si
256 2402 401 2469 inciderit
425 2405 570 2469 Materia
591 2403 737 2482 difficilis,
761 2407 895 2466 unicam
923 2403 998 2466 huic

152 2505 236 2568 malo
263 2508 437 2570 remedium
473 2520 531 2582 est,
561 2506 759 2593 disciplinam
793 2505 878 2570 unde
908 2505 1000 2570 desu-

153 2607 252 2670 mitur
283 2622 518 2693 argumentum,
549 2608 684 2674 fideliter
711 2607 879 2682 didicisse;
911 2608 1000 2696 quod

154 2721 190 2773 ut
205 2709 311 2787 facias,
330 2712 545 2777 Instrumenti
563 2735 690 2799 operam
712 2712 770 2776 tibi
788 2711 907 2801 Logica
920 2734 1001 2798 prae-

155 2813 273 2887 stabit3
302 2813 356 2878 sed
384 2815 519 2880 ulterius
544 2815 623 2879 nihil
651 2816 783 2880 confert.
828 2817 1002 2898 Propaam

155 2915 200 2978 illi
230 2937 352 2980 mamus
374 2929 422 2981 est
449 2917 624 3005 syllogismi
646 2921 789 3004 sormam.
814 2917 1000 3003 explorare3

155 3019 187 3081 h.
203 3043 230 3083 e.
247 3027 359 3083 atram
374 3023 532 3085 conclusio
546 3044 586 3085 ea
598 3025 777 3106 praema'sais
791 3024 1002 3100 consequatur

156 3130 285 3206 propter
303 3127 409 3206 ipsam
432 3127 599 3206 colligendi
619 3125 766 3188 modam:
799 3120 861 3185 Sed
887 3141 925 3182 an
949 3141 1004 3206 po-

156 3225 270 3289 nendae
292 3225 354 3290 sint
374 3227 544 3310 proemissae
561 3226 635 3307 (nisi
657 3226 740 3291 forte
762 3227 825 3290 sint
844 3243 924 3309 pure
940 3220 1004 3283 Lo·

158 3327 252 3414 gicae)
283 3327 410 3392 aliunde
441 3326 626 3392 discendum
657 3342 715 3393 est.
760 3325 868 3391 Sicubi
898 3334 1004 3388 autem

160 3429 371 3516 Syllogismus
400 3431 457 3518 qui
486 3430 647 3516 legitimus
676 3453 739 3494 non
770 3440 828 3504 est,
859 3425 1006 3491 videatur

159 3545 286 3608 tamem
320 3547 378 3599 aut
405 3547 532 3611 contra3
567 3533 721 3622 (quorum
752 3544 924 3619 utrumque
951 3553 1007 3596 sae-
