2412 4326
393 359 745 425 SOPHISMATUM.
935 371 997 426 8³⁵

142 551 197 609 tns
217 551 286 617 est‚·
313 545 378 618 Qut
400 543 623 617 mentiturnm,
639 545 819 607 mentietur.
866 543 994 608 Horum

141 659 318 732 utrumque
334 666 444 708 verum
461 655 521 721 est,
536 655 568 708 et
583 641 701 706 nemini
715 645 904 710 obscurum:
931 645 994 710 Sed

142 749 200 835 qui
229 761 265 812 ut
291 769 403 810 verum
427 744 522 809 simul
545 743 630 809 diost
656 757 687 810 et
717 747 890 811 mentiatur
916 748 994 813 dicit

143 873 243 916 unum
260 849 395 936 aliquid,
410 849 503 935 cujus
518 859 625 934 partes
640 847 699 912 sibi
722 848 855 914 invicem
872 863 994 915 contra-

144 953 268 1030 dicunt,
284 952 311 1016 is
333 974 391 1015 nec
413 971 536 1026 verum,
560 971 617 1013 nec
639 949 766 1029 falsum,
790 951 845 1016 sed
866 953 996 1017 omnino

143 1055 223 1120 nihil
249 1055 346 1120 dicit:
372 1053 500 1140 quando
530 1051 612 1116 enim
640 1052 803 1117 sententiae
829 1076 902 1138 pars
932 1076 996 1117 uns

143 1159 259 1224 evertit
274 1158 417 1234 alteram,
434 1169 501 1221 tota
516 1155 594 1220 nihil
609 1178 739 1242 prorsus
755 1156 921 1242 significat,
938 1156 994 1221 sed

144 1261 281 1326 inaniter
296 1260 420 1347 strepit.

188 1366 347 1431 Subtilius
373 1364 537 1450 disputare
561 1362 752 1426 videbantur
774 1363 831 1449 qui
854 1363 898 1426 sic
924 1387 996 1450 age-

143 1470 239 1533 bant:
275 1470 442 1533 Cretenses
472 1487 538 1530 esse
567 1467 732 1529 mendaces
760 1468 837 1530 dicit
864 1467 997 1550 Epime-

142 1572 235 1635 nides
266 1573 447 1636 Cretensis:
477 1570 643 1632 Mentitur
668 1571 792 1650 igitnr;
824 1571 913 1654 Ergo
940 1573 997 1635 Ittr‘

144 1681 224 1737 sunt
243 1693 384 1745 emacem
409 1671 498 1753 Ergo
520 1678 551 1734 et
573 1672 634 1733 ln
652 1691 762 1735 cerunt
784 1673 881 1745 dicit;
907 1674 998 1758 Ergo

64 1817 73 1830 ·
143 1775 200 1838 rut
221 1795 340 1837 rursus
365 1780 445 1836 sunt
469 1773 636 1836 mendaces
660 1774 716 1836 &a
764 1771 826 1836 Sed
855 1773 995 1858 profecto

142 1875 223 1939 nihil
246 1875 376 1940 stultius
399 1886 445 1940 est
468 1875 529 1938 hoc
551 1888 751 1960 argumento,
767 1874 827 1939 nisi
843 1899 905 1940 vox
922 1877 997 1942 Cre-

143 1987 248 2043 tenses
269 2001 321 2042 eos
343 1976 384 2040 ad
408 1999 505 2041 unum
530 2000 640 2042 omnes
662 1977 828 2063 significet,
844 1992 876 2043 et
895 1979 1000 2042 omnis

144 2079 281 2144 mendax
296 2079 453 2165 quicquid
470 2078 549 2143 dicit
565 2079 750 2144 mentiatur.
829 2103 835 2117 ·

189 2181 324 2246 Videtur
345 2181 397 2244 hic
419 2183 585 2246 Mentiens
610 2183 768 2268 peperisse
790 2183 938 2248 subtilem
961 2182 998 2247 il-

144 2285 206 2347 lam
224 2282 490 2347 scholasticorum
506 2285 544 2347 de
561 2286 790 2348 Insatiabilibus
810 2285 997 2349 doctrinam.

146 2393 166 2426 “
183 2386 267 2449 Nam
298 2385 373 2451 talia
403 2398 593 2472 argumente
624 2384 743 2472 (inquit
776 2390 904 2472 Occarn)
935 2411 998 2452 non

146 2497 315 2574 “possunt
338 2487 405 2552 fieri
428 2487 487 2552 nisi
510 2487 641 2574 quando
663 2500 753 2552 actus
773 2489 931 2554 humanus
951 2513 999 2554 re-

146 2590 276 2678 “spicit
299 2589 396 2655 istum
420 2591 588 2656 terminum
613 2592 761 2668 Falsum,
784 2592 834 2655 vel
859 2592 999 2680 aliquem

147 2701 168 2730 “
184 2692 399 2770 consimilem·
412 2692 616 2768 affirmative;
649 2693 700 2758 vel
721 2694 807 2759 hunc
830 2695 1000 2759 terminum

147 2808 168 2836 “
191 2803 314 2876 Verum,
341 2799 392 2862 vel
420 2798 560 2884 aliquem
592 2799 796 2878 consimilem,
824 2799 1001 2885 negative.”

147 2905 227 2968 Esse
253 2904 321 2968 haec
347 2906 554 2987 Sophismata
583 2915 656 2966 ante
679 2903 825 2975 dixeram
864 2924 921 2966 nec
947 2926 1001 2965 vo-

147 3008 210 3072 cari
241 3010 444 3086 Insotnditr'a,
469 3006 547 3094 quie
576 3005 665 3070 nullo
697 3006 793 3070 modo
822 3005 900 3069 solvi
930 3027 1000 3091 pos-

148 3131 233 3195 sunt,
252 3118 306 3182 sed
323 3117 400 3204 quia
415 3141 486 3182 cum
504 3117 691 3183 difficultate
706 3116 885 3182 solvuntur.

191 3219 376 3284 Insolubilis
401 3220 584 3307 exemplum
608 3221 652 3285 sic
674 3221 874 3307 proponitur.
920 3217 1002 3284 Inci-

147 3323 215 3409 piat
240 3325 383 3387 Socrates
406 3323 450 3388 sic
473 3322 573 3410 loqui,
589 3326 738 3390 Socrates
758 3326 836 3388 dicit
849 3324 1000 3408 salsum

148 3438 179 3489 ct
203 3423 282 3488 nihil
305 3425 442 3510 amplius
461 3424 632 3511 loquatur:
661 3438 730 3489 tum
752 3425 926 3512 interroget
947 3424 1003 3490 ali.

148 3527 232 3613 quie,
256 3539 366 3592 utrum
393 3551 469 3593 vere
493 3551 534 3592 un
559 3527 640 3594 fnlsa
662 3528 702 3593 sit
725 3527 793 3592 haec
819 3528 1002 3616 propositio·
