2412 4326
219 404 280 457 ³300
321 395 385 457 DE
403 391 709 456 ARGUMENTIS
733 388 964 454 INVESTIG.

219 555 357 644 pissime,
372 566 404 619 et
427 552 584 618 decausis
605 575 685 641 pene
707 552 837 618 infinitis
858 552 988 638 accidit)
1005 552 1070 616 for-

218 657 332 723 malem
355 657 425 744 ejus
451 655 707 743 consequentiam
734 668 883 723 excutere
904 667 951 720 est
974 655 1069 720 Artis

219 759 357 846 Logicae.

261 860 324 939 Qui
354 860 413 924 hoc
442 882 525 948 opus
557 858 755 946 aggreditur,
785 860 820 925 id
859 861 919 925 sibi
947 859 1068 946 negotii

217 962 324 1028 datam
352 962 440 1040 sciat,
465 973 502 1026 ut
529 959 687 1026 difficilem
716 985 809 1028 suum
836 963 1068 1052 syllogismum,

217 1066 321 1153 primo
342 1066 374 1129 in
397 1064 608 1151 categoricum
631 1087 761 1152 purum,
780 1065 830 1130 vel
853 1067 885 1130 in
906 1066 1026 1153 plures,
1042 1068 1067 1132 si

216 1192 298 1257 opus
314 1168 366 1247 sit,
381 1179 566 1240 convertam
590 1180 660 1233 tum
683 1167 723 1230 ad
749 1190 900 1232 canonem
922 1187 1069 1234 accurate

217 1272 342 1358 exigat3
380 1271 473 1358 cujus
501 1268 605 1358 operis
642 1268 723 1336 ratio
755 1270 955 1357 praecedente
985 1271 1067 1336 libro

216 1397 251 1462 p.
268 1375 340 1444 139.
357 1385 389 1437 et
405 1396 489 1460 seqq.
506 1372 633 1438 abunde
649 1372 808 1438 declarata
829 1385 888 1438 est.
935 1375 1068 1438 Summa

217 1474 263 1539 rei
291 1473 355 1538 buc
379 1472 473 1536 redit.
519 1471 757 1536 Consideranda
783 1486 831 1537 est
857 1472 960 1558 primo
985 1475 1069 1537 Con-

216 1576 337 1648 clusio;
362 1576 494 1660 ejusque
513 1573 658 1638 Termini
678 1573 810 1638 solerter
828 1573 1065 1661 distinguendi:

217 1676 430 1742 Praedicatum
455 1676 536 1740 enim
559 1689 607 1740 est
630 1677 740 1763 Major
764 1676 939 1741 Terminus
966 1676 1070 1764 Syllo-

216 1779 335 1868 gismi;
368 1779 425 1865 qui
449 1776 582 1868 proinde
608 1778 808 1842 Praemissam
835 1800 965 1866 quoqne
997 1778 1070 1844 Ma-

214 1889 315 1972 jorem
331 1885 504 1960 indicabit;
536 1885 723 1972 subjectum
746 1885 865 1972 pariter
882 1884 1041 1950 Minorem
1056 1912 1066 1960 ;

217 2003 250 2054 et
273 1989 306 2052 in
336 1991 472 2073 utraque
502 2011 567 2052 sese
597 1987 707 2052 offeret
733 1989 972 2070 Argumentum
1004 1988 1069 2052 sive

220 2091 392 2155 Terminus
415 2089 565 2154 Medius:
591 2089 687 2153 Unde
711 2102 743 2154 et
770 2090 796 2156 si
819 2089 899 2155 desit
923 2092 1070 2156 Praemis-

218 2217 323 2259 sarum
339 2194 503 2270 alterutra,
519 2192 611 2257 facile
634 2192 775 2280 suppleri
797 2193 923 2279 poterit.
970 2193 1070 2259 Hisce

217 2295 362 2379 cognitis,
391 2317 448 2358 nec
479 2295 602 2380 Figura
633 2293 826 2381 Syllogismi,
857 2317 914 2358 nec
947 2294 1071 2360 Modus

217 2399 352 2472 latebit3
377 2398 434 2484 qui
461 2397 486 2461 si
509 2397 662 2484 legitime,
687 2420 744 2461 nec
771 2409 874 2461 tamen
898 2420 971 2462 vere
997 2421 1072 2462 con-

217 2501 344 2566 cludere
374 2501 532 2578 videatur,
563 2499 772 2586 quaerendum
810 2522 914 2563 annon
951 2522 1071 2586 anceps

217 2607 257 2671 sit
283 2606 399 2693 aliquis
421 2606 518 2670 trium
546 2605 790 2669 Terminorum:
822 2628 893 2669 nam
922 2605 947 2670 si
971 2605 1004 2670 in
1030 2606 1071 2672 iis

217 2710 306 2778 nulla
335 2709 431 2775 lateat
461 2708 665 2795 ambiguitas,
695 2710 869 2774 necessario
899 2710 980 2775 falsa
1008 2711 1071 2777 erit

217 2814 316 2880 altera
332 2812 577 2877 praemissarum.

262 2916 407 2981 Huncin
430 2914 561 2980 modum
584 2915 691 2981 licebit
716 2915 941 3004 Syllogismum
958 2938 1073 3004 quem-

219 3021 266 3086 vis
296 3017 521 3104 Cetegoricum
550 3041 668 3106 purum
699 3021 886 3106 explorare:
918 3019 1022 3106 qualis
1045 3020 1072 3084 si

218 3147 281 3188 non
311 3121 351 3186 sit
380 3120 437 3206 qui
467 3121 669 3208 proponitur,
699 3144 797 3207 quam
827 3121 977 3186 facillime
1002 3121 1070 3200 fiet,

218 3249 276 3314 per
298 3249 335 3290 ea
357 3247 430 3311 quae
446 3223 550 3309 priore
574 3223 685 3303 Libro,
702 3238 846 3288 extremo
871 3223 986 3310 Capite
1008 3235 1073 3288 ter-

218 3328 275 3404 tio,
299 3339 332 3392 et
355 3338 423 3390 toto
445 3339 561 3412 quarto
586 3337 660 3390 sunt
688 3337 822 3390 ostensa.
869 3323 983 3410 Siquid
1005 3346 1073 3388 am-

218 3427 303 3514 plius
318 3440 426 3507 restet,
441 3426 475 3492 id
491 3425 643 3515 exemplis
663 3425 775 3492 melius
790 3447 887 3511 quam
902 3425 1072 3513 praeceptis

219 3528 394 3595 docebitur.
