2404 4322
190 394 251 449 tet
449 383 511 445 DE
532 378 773 445 MODORUM

228 549 258 607 2.
280 545 342 605 'l'be
366 543 514 604 reduction
540 548 565 604 is
591 545 715 603 indirect
742 562 772 602 or
798 545 839 604 ad
868 543 1042 622 impossibile

190 631 274 688 uben
286 629 336 686 the
348 637 523 685 correctness
543 625 577 684 ol
593 628 641 684 tbe
655 627 822 684 conclusion
834 628 860 684 is
880 628 986 704 proved
1000 628 1040 700 by

191 712 304 786 tracing
316 709 366 766 the
378 708 588 766 contradiction
602 707 659 765 and
673 707 821 782 absurdity
836 709 930 765 rrhicb
944 707 1041 766 would

194 789 366 864 necessarily
378 788 475 846 iollorr
488 790 526 846 its
539 789 645 847 denial.

235 997 417 1083 Utriusque
442 997 557 1083 praxin
580 1019 639 1083 pro
666 995 769 1060 modis
794 995 965 1061 nominatis
988 995 1046 1059 do-

193 1121 264 1174 cent
293 1107 364 1193 ipsa
392 1107 560 1172 modorum
589 1107 717 1170 nomina
746 1129 766 1168 a
792 1105 986 1176 scholasticis
1009 1105 1044 1168 in

194 1220 281 1284 hunc
300 1218 396 1283 linem
422 1217 567 1282 conficta.
611 1217 695 1280 Nam
718 1215 751 1279 in
775 1215 813 1280 iis
835 1227 900 1280 tres
922 1215 1046 1280 vocales

196 1342 272 1394 sunt
287 1327 422 1394 totidem
436 1327 665 1414 propositiones
681 1326 855 1415 syllogismi
871 1325 931 1392 sub
945 1349 1048 1413 quan-

196 1441 289 1506 titate
309 1452 341 1504 et
364 1437 518 1526 qualitate
541 1439 683 1526 signatae.
730 1437 884 1504 Consonae
909 1435 1050 1502 initiales

198 1551 236 1613 B.
262 1547 300 1613 C.
324 1548 366 1612 D.
391 1545 430 1612 F.
454 1559 565 1614 notant
591 1548 723 1614 modum
740 1548 863 1636 primae,
885 1546 926 1610 ad
947 1559 1049 1632 que'm

196 1659 234 1724 fit
248 1658 403 1724 reductio.
443 1659 475 1724 S.
490 1660 528 1724 P.
543 1659 803 1746 propositionem,
819 1680 913 1746 quarn
927 1655 1049 1720 vocalis

196 1769 340 1856 proxime
369 1769 558 1836 antecedens
586 1770 744 1858 designat,
774 1794 841 1835 esse
872 1769 905 1833 in
934 1767 1051 1832 reduc-

198 1880 284 1946 tione
298 1880 559 1947 convertendam:
588 1881 610 1946 S
626 1880 830 1968 simpliciter;
858 1879 884 1943 P
897 1901 956 1966 per
971 1877 1050 1942 acci-

201 1986 288 2051 dens.
327 1988 366 2050 M
381 1986 628 2074 transponendus
642 2009 709 2051 esse
723 1985 910 2074 praemissas.
956 1985 990 2048 K
1004 2007 1052 2048 re-

202 2097 384 2162 ductionem
410 2097 479 2162 lieri
507 2097 557 2162 vel
581 2121 638 2184 per
666 2097 870 2184 impossibile,
895 2097 917 2162 i.
938 2120 967 2161 e.
993 2119 1054 2183 pro

201 2207 374 2291 praemissi,
398 2208 491 2294 cujus
518 2208 663 2294 symbolo
686 2208 838 2288 adhaeret,
865 2208 1053 2274 sumendam

201 2338 267 2379 esse
293 2314 502 2384 conclusionis
528 2321 823 2396 contradictoriam
848 2321 1054 2386 selesiensi

203 2447 368 2506 comesse,
391 2427 414 2493 i.
431 2452 458 2492 e.
480 2429 790 2518 ipsamfpraemissam
808 2430 1055 2496 convertendam

204 2560 270 2601 esse
299 2560 356 2623 per
386 2541 617 2626 Negationem:
651 2541 706 2606 sed
740 2555 777 2607 ut
805 2542 865 2606 boc
894 2542 954 2608 rite
984 2543 1055 2622 fiat,

204 2670 328 2712 necesse
357 2661 404 2715 est
441 2673 500 2736 pro
536 2652 663 2717 Baroko
701 2653 875 2719 substituas
913 2651 1057 2732 Falsum,

206 2757 370 2824 Dokumos
384 2783 442 2846 pro
460 2759 618 2827 Bokardo.
664 2763 790 2842 Quibus
811 2764 1059 2851 suprascripto

205 2868 308 2946 iactis,
331 2870 491 2958 colligitur
514 2873 548 2938 in
574 2873 678 2960 prima
701 2875 861 2941 conclusio
883 2875 932 2941 rel
958 2897 1059 2963 expo-

208 2981 277 3046 sitae
306 2982 427 3062 eadem,
456 2983 505 3048 vel
536 3008 605 3050 eam
634 2985 783 3067 inferens,
808 2988 859 3052 vel
884 2985 1061 3074 premissa>

208 3093 460 3172 contradictoria,
477 3096 562 3161 utin
577 3098 734 3186 exemplo.

329 3319 394 3384 cEs
471 3321 605 3388 Nullum
677 3327 707 3386 A
753 3337 800 3389 est
847 3325 874 3388 B

349 3433 402 3496 Ar·
472 3433 578 3498 Omne
677 3436 703 3498 C
748 3447 795 3501 est
851 3438 899 3501 B:
923 3437 1017 3521 Ergo

351 3539 380 3604 Ε
468 3545 604 3610 Nullum
681 3547 707 3612 C
754 3557 802 3612 est
848 3550 893 3612 A.
