2412 4326
407 389 759 458 SOPHISMATUM.
946 405 1005 464 88⁷

148 573 263 642 eodem
293 575 388 640 modo
416 599 512 662 neges
540 579 584 647 99
614 599 714 663 grana
742 578 899 643 Aoeromn
926 601 1004 656 esse,

149 689 281 743 centum
317 691 424 742 autem
463 701 529 743 esse
563 678 712 754 fatearis;
751 678 918 746 concludet
952 679 1005 744 ille

141 777 252 867 'grano
266 781 361 846 unico
380 780 505 868 adjecto
524 781 681 845 Acervum
698 781 785 856 fieri;
810 783 896 847 crine
911 783 1006 848 unico

151 885 275 961 amisso,
298 883 476 949 Calvitiem.
524 882 631 948 Facile
653 897 760 948 autem
782 885 1003 971 respondetur,

155 993 266 1056 Unum
287 994 493 1056 centesimum
515 1012 578 1054 non
598 1011 664 1054 esse
683 990 845 1065 Unicum
868 1013 940 1057 nam
956 1004 1004 1058 est

151 1093 263 1157 Unum
294 1114 368 1156 cum
397 1090 570 1178 nonaginta
598 1113 722 1154 novem.
768 1090 826 1155 Vel
855 1092 881 1156 si
903 1094 1004 1158 mavis

152 1195 214 1268 sic;
255 1194 310 1258 Fit
342 1195 496 1271 Acervus‚
525 1215 624 1279 grano
657 1215 733 1268 uno,
765 1191 821 1256 sed
856 1194 1001 1280 adjecto;

150 1300 295 1387 adeoque
325 1322 388 1364 non
419 1299 524 1378 unioo,
557 1299 609 1364 sed
645 1321 718 1362 cum
750 1296 896 1382 pluribus
924 1299 1003 1365 aliis.

151 1403 205 1468 Fit
230 1401 382 1468 Calvities
404 1402 489 1468 crine
510 1425 585 1480 uno,
606 1402 662 1466 sed
683 1411 756 1489 post
775 1400 893 1466 multos
913 1401 1002 1482 alios,

151 1506 274 1569 amisso.

194 1609 244 1670 10.
270 1609 451 1672 Connusos
478 1617 510 1669 et
541 1607 726 1684 cautinus,
759 1611 920 1686 Uenetiae,
946 1609 1003 1674 Ce-

151 1713 242 1782 ratis,
259 1721 291 1774 et
307 1710 407 1775 Ceras
421 1707 539 1771 dicitur
556 1708 723 1794 Sophisma
742 1710 823 1775 illud
845 1723 919 1775 aute
938 1733 1003 1774 me-

149 1825 319 1888 moratum,
345 1814 437 1888 Quod
458 1833 525 1876 usu
548 1814 682 1877 amisisti
703 1815 798 1878 habes
818 1813 876 1878 &o
922 1815 1002 1891 Quae

149 1928 196 1980 est
211 1915 330 1980 Petilio
353 1917 535 1999 Principii·
559 1937 632 1978 nem
653 1915 806 2001 supponit
829 1927 861 1979 te
883 1937 1002 1980 cornua

150 2013 307 2080 habuisse.

192 2117 394 2204 Ineptissima
416 2115 484 2182 haec
505 2117 645 2182 Fallacia
664 2116 738 2203 plus
753 2115 907 2182 acuminis
921 2139 1002 2203 prae-

147 2221 211 2286 fert
228 2223 326 2308 juxta
348 2232 486 2286 veterem
505 2219 692 2306 disputandi
712 2219 843 2285 modum
859 2220 1001 2306 rogando

147 2325 320 2410 proposita.
365 2319 439 2387 Erit
476 2323 559 2386 enim
594 2322 738 2399 fortasse,
770 2322 827 2408 qui
857 2335 999 2408 rogatus,

151 2429 244 2504 Quod
283 2449 350 2492 non
386 2429 539 2503 emunit,
577 2432 689 2490 utrum
723 2427 837 2490 habeet
876 2431 1001 2492 neone?

148 2551 208 2593 nou
233 2528 389 2614 intelligat
416 2551 448 2591 se
473 2539 602 2615 captum
626 2525 676 2604 in',
701 2525 726 2588 si
750 2526 934 2613 simpliciter
953 2552 1002 2594 re·

149 2631 321 2718 spondee13
352 2629 552 2694 sinehabere
575 2652 618 2706 se,
642 2629 708 2694 sive
732 2652 795 2694 non
816 2631 933 2698 habere
953 2632 1000 2696 di-

147 2747 208 2800 cat.
254 2735 337 2799 Nam
360 2755 433 2798 euro
456 2731 563 2818 adiget
587 2731 737 2818 sophista,
758 2745 794 2798 ut
817 2737 868 2798 vel
891 2757 923 2799 se
944 2734 1000 2798 ha·

147 2837 221 2900 bere
235 2858 365 2915 cornua,
380 2834 430 2900 vel
446 2856 508 2898 non
524 2833 640 2899 habere
654 2835 764 2900 oculos
778 2836 927 2902 fateatur.

189 2940 240 3002 11.
266 2943 392 3004 Acutus
406 2937 466 3004 sibi
486 2937 655 3004 videbatur
677 2935 887 3002 Menedemus
903 2938 998 3019 (Ere-

146 3045 272 3110 triensis
292 3042 359 3107 soil.
381 3065 478 3129 quem
501 3039 716 3130 ignorandum
735 3040 875 3128 appellat
899 3041 998 3104 Laer-

146 3148 225 3232 tius)
249 3168 350 3232 quum
377 3146 417 3210 ad
447 3146 532 3211 hunc
554 3144 685 3210 modum
709 3156 893 3231 nugaretur.
938 3146 999 3209 Di·

145 3271 281 3321 vesum,
305 3269 326 3309 a
348 3249 483 3312 Diverso
504 3249 676 3312 Diversum
695 3255 762 3322 θείς
787 3248 939 3311 Prodesse
952 3255 1000 3311 est

144 3371 165 3412 a
189 3352 282 3414 Bono
310 3351 504 3423 Diuersum
544 3350 696 3413 Prodesse
724 3352 829 3432 igitur
856 3370 922 3412 ssu
951 3357 999 3416 est

145 3453 286 3516 Bonum.
330 3453 410 3529 Quae
436 3464 483 3516 est
509 3473 614 3516 crassa
643 3462 674 3514 et
704 3449 818 3536 putida
843 3452 997 3535 AEquivs·

144 3559 227 3622 satie
235 3582 247 3632 ‚·
270 3568 303 3622 et
317 3553 397 3622 nihil
411 3553 558 3641 amplius.

543 3713 598 3774 ‘³8
