2448 4322
388 353 790 419 PROPOSITIONUM.
961 368 1025 422 123

168 545 208 606 ’2.
223 545 287 608 Per
297 543 455 618 amiciens,
468 541 596 627 quando
610 545 735 607 servati
749 543 915 629 qualitate,
928 568 1028 632 quan-

175 655 247 719 titas
262 651 488 741 propositionis
503 664 658 719 mutatur.
680 655 710 718 3.
727 656 792 720 Per·
802 657 1026 739 Negationem,

172 764 315 851 quando,
348 765 554 848 transpositia
578 764 732 844 terminis,
761 788 828 832 nan
854 769 1027 854 infinitane

172 877 320 964 subjecto
342 874 484 960 affigitur
498 888 529 939 et
546 877 688 959 qualitas
708 877 861 964 expositae
883 879 1026 967 proposi-

173 988 271 1052 tionis
286 987 393 1070 qnoad
405 1008 508 1050 aecem
523 1000 676 1052 mutatur.

218 1100 250 1162 1.
283 1099 324 1161 E.
349 1099 376 1160 1.
402 1096 544 1163 converti
572 1111 706 1184 possunt
737 1099 938 1187 Simpliciter.
994 1108 1027 1168 2.

174 1211 218 1272 A.
234 1209 278 1272 E.
293 1231 350 1296 per
366 1207 532 1272 Accidens.
570 1211 602 1272 3.
619 1210 660 1272 A.
678 1209 717 1273 0.
733 1232 791 1297 per
806 1211 1025 1298 Negationem.

176 1320 350 1383 Conversio
364 1319 396 1382 in
413 1319 561 1385 omnibus
585 1321 707 1387 illativa
729 1335 798 1397 est;
822 1322 844 1387 i.
859 1347 887 1388 e.
909 1325 1026 1392 veritas

176 1431 346 1495 Conversae
376 1430 607 1516 Propositionis
636 1434 782 1520 sequitur
817 1457 857 1500 ex
892 1434 1026 1502 veritate

173 1540 352 1627 Expositae.

215 1653 300 1718 Nam
322 1658 360 1717 1⁶.
386 1655 469 1718 Cum
492 1655 525 1718 in
550 1655 580 1720 E
605 1667 740 1742 uterque
763 1658 928 1736 terminus,
950 1659 984 1722 in
1008 1657 1026 1722 I

170 1785 248 1828 vero
269 1776 385 1829 neuter·
406 1764 628 1843 distribuatur,
653 1769 813 1832 Conversa
831 1780 904 1855 post
925 1781 1026 1834 traus-

171 1875 361 1960 positionem
382 1875 566 1963 aequipollet
593 1877 768 1962 Exposita.
816 1881 864 1944 Sit
885 1901 960 1944 vera
983 1881 1025 1958 E,

171 1990 332 2052 neminem
353 1991 489 2052 stultam
505 2008 571 2052 asae
593 1989 740 2052 tenan-
764 2011 841 2075 ergo
865 1986 1024 2064 vicissim

171 2102 331 2166 neminem
359 2101 485 2165 matum
515 2121 580 2164 ecee
609 2101 756 2164 stultiam.
813 2100 861 2166 Sit
890 2123 965 2166 vera
995 2099 1025 2180 I,

171 2215 296 2296 aliqum
325 2213 437 2276 diuites
464 2233 531 2277 aeae
558 2213 721 2296 infelices:
755 2235 831 2300 ergo
863 2213 1025 2290 vicissim3

173 2327 298 2408 aliquos
311 2324 456 2410 infelices
470 2345 536 2388 eece
549 2322 671 2388 divites.

216 2435 257 2496 2⁰.
283 2433 331 2499 Sit
346 2456 421 2500 vera
435 2434 484 2497 E:
513 2433 603 2520 Ergo
617 2444 649 2499 et
668 2433 737 2520 ejus
753 2432 938 2520 simpliciter
953 2456 1025 2498 cou-

170 2568 281 2610 versa:
305 2547 395 2630 Ergo
409 2556 441 2610 et
456 2566 614 2608 conversae
629 2543 863 2610 subalternata:
888 2567 963 2630 quae
977 2555 1026 2609 est

170 2656 326 2746 expositae
352 2678 502 2720 conversa
526 2678 584 2743 per
605 2655 761 2722 accidens.
808 2655 856 2720 Sit
876 2678 951 2720 vera
964 2657 1023 2745 ¹A:

171 2770 262 2856 Ergo
277 2779 310 2834 et
321 2768 390 2855 ejus
402 2766 631 2833 subalternata:
654 2770 745 2855 Ergo
756 2779 787 2834 et
799 2767 1025 2834 subalternatae

170 2878 357 2968 simpliciter
370 2898 536 2943 conversa:
561 2902 635 2965 quoe
650 2892 698 2945 est
712 2879 865 2966 expositae
885 2903 943 2966 per
961 2880 1026 2943 Ac-

171 2991 291 3057 cidens.

215 3104 259 3166 3⁰.
298 3101 453 3180 Quoniam
490 3122 610 3184 negem
645 3099 833 3186 qualitatem
873 3099 1024 3186 Subjecto

171 3215 286 3292 deame,
311 3215 360 3278 vel
381 3217 484 3280 inesse
505 3215 665 3301 affirmare
684 3209 770 3274 idem
792 3210 887 3288 valet,
903 3211 928 3274 si
950 3231 1026 3274 aera

171 3336 218 3388 est
246 3327 289 3403 A,
315 3327 427 3390 Omnia
451 3327 581 3410 sapiens
603 3329 651 3386 est
672 3324 793 3399 beatas,
819 3319 1024 3400 veraedum,
1123 3335 1127 3341 '

171 3439 286 3502 nnllns
304 3437 434 3523 capiens
448 3444 496 3501 est
516 3435 575 3520 qni
594 3455 661 3498 non
678 3433 811 3506 beatem
834 3431 903 3496 haec
919 3445 965 3498 est
980 3433 1022 3509 E,

171 3570 246 3634 quae
260 3547 455 3635 Simpliciter
466 3546 606 3614 converti
620 3557 740 3634 potest:
765 3541 822 3632 qui
833 3545 1026 3626 nun-beatus
