<?xml version="1.0" encoding="UTF-8"?>
<!DOCTYPE html PUBLIC "-//W3C//DTD XHTML 1.0 Transitional//EN"
    "http://www.w3.org/TR/xhtml1/DTD/xhtml1-transitional.dtd">
<html xmlns="http://www.w3.org/1999/xhtml" xml:lang="en" lang="en">
 <head>
  <title>
</title>
<meta http-equiv="Content-Type" content="text/html;charset=utf-8" />
  <meta name='ocr-system' content='tesseract 3.04.00' />
  <meta name='ocr-capabilities' content='ocr_page ocr_carea ocr_par ocr_line ocrx_word'/>
</head>
<body>
  <div class='ocr_page' id='page_1' title='image "./artislogicarudi00aldrgoog_0345.png"; bbox 0 0 2412 4326; ppageno 0'>
   <div class='ocr_carea' id='block_1_1' title="bbox 202 419 788 488">
    <p class='ocr_par' dir='ltr' id='par_1_1' title="bbox 202 419 788 488">
     <span class='ocr_line' id='line_1_1' title="bbox 202 419 788 488; baseline -0.005 0"><span class='ocrx_word' id='word_1_1' title='bbox 202 435 262 488; x_wconf 75' lang='lat'>332</span> <span class='ocrx_word' id='word_1_2' title='bbox 445 422 506 484; x_wconf 89' lang='lat' dir='ltr'>DE</span> <span class='ocrx_word' id='word_1_3' title='bbox 528 419 788 484; x_wconf 85' lang='lat' dir='ltr'>SOLU&#39;l&#39;lONE</span> 
     </span>
    </p>
   </div>
   <div class='ocr_carea' id='block_1_2' title="bbox 187 599 1146 3660">
    <p class='ocr_par' dir='ltr' id='par_1_2' title="bbox 195 599 1146 1306">
     <span class='ocr_line' id='line_1_2' title="bbox 199 599 1059 688; baseline -0.007 -20"><span class='ocrx_word' id='word_1_4' title='bbox 199 604 327 685; x_wconf 81' lang='lat' dir='ltr'>cantur)</span> <span class='ocrx_word' id='word_1_5' title='bbox 358 605 523 678; x_wconf 74' lang='lat' dir='ltr'>Rationes,</span> <span class='ocrx_word' id='word_1_6' title='bbox 551 621 632 687; x_wconf 86' lang='lat' dir='ltr'>quas</span> <span class='ocrx_word' id='word_1_7' title='bbox 657 601 826 688; x_wconf 84' lang='lat' dir='ltr'>Megarici,</span> <span class='ocrx_word' id='word_1_8' title='bbox 852 601 961 678; x_wconf 84' lang='lat' dir='ltr'>Stoici,</span> <span class='ocrx_word' id='word_1_9' title='bbox 987 599 1059 663; x_wconf 91' lang='lat' dir='ltr'>alii·</span> 
     </span>
     <span class='ocr_line' id='line_1_3' title="bbox 199 701 1059 794; baseline -0.008 -22"><span class='ocrx_word' id='word_1_10' title='bbox 199 731 262 794; x_wconf 91' lang='lat' dir='ltr'>que</span> <span class='ocrx_word' id='word_1_11' title='bbox 285 706 456 769; x_wconf 89' lang='lat' dir='ltr'>Eristicam</span> <span class='ocrx_word' id='word_1_12' title='bbox 478 703 623 790; x_wconf 85' lang='lat' dir='ltr'>professi,</span> <span class='ocrx_word' id='word_1_13' title='bbox 642 703 779 791; x_wconf 89' lang='lat' dir='ltr'>propriis</span> <span class='ocrx_word' id='word_1_14' title='bbox 804 701 986 769; x_wconf 89' lang='lat' dir='ltr'>nominibus</span> <span class='ocrx_word' id='word_1_15' title='bbox 1010 701 1059 765; x_wconf 92' lang='lat' dir='ltr'>in-</span> 
     </span>
     <span class='ocr_line' id='line_1_4' title="bbox 199 807 1053 895; baseline -0.008 -21"><span class='ocrx_word' id='word_1_16' title='bbox 199 810 366 895; x_wconf 88' lang='lat' dir='ltr'>signivere,</span> <span class='ocrx_word' id='word_1_17' title='bbox 384 807 580 883; x_wconf 72' lang='lat' dir='ltr'>Crocodilus,</span> <span class='ocrx_word' id='word_1_18' title='bbox 597 807 774 883; x_wconf 82' lang='lat' dir='ltr'>Mentierrs,</span> <span class='ocrx_word' id='word_1_19' title='bbox 798 809 980 882; x_wconf 74' lang='lat' dir='ltr'>obvelatur,</span> <span class='ocrx_word' id='word_1_20' title='bbox 999 807 1053 869; x_wconf 82' lang='lat' dir='ltr'>&amp;c</span> 
     </span>
     <span class='ocr_line' id='line_1_5' title="bbox 198 905 1054 998; baseline -0.007 -23"><span class='ocrx_word' id='word_1_21' title='bbox 198 934 278 998; x_wconf 86' lang='lat' dir='ltr'>quas</span> <span class='ocrx_word' id='word_1_22' title='bbox 304 909 474 996; x_wconf 69' lang='lat' dir='ltr'>plerasque</span> <span class='ocrx_word' id='word_1_23' title='bbox 503 907 631 994; x_wconf 84' lang='lat' dir='ltr'>collegit</span> <span class='ocrx_word' id='word_1_24' title='bbox 657 909 854 986; x_wconf 65' lang='lat' dir='ltr'>mesenum,</span> <span class='ocrx_word' id='word_1_25' title='bbox 880 920 912 972; x_wconf 92' lang='lat' dir='ltr'>et</span> <span class='ocrx_word' id='word_1_26' title='bbox 942 905 1054 972; x_wconf 90' lang='lat' dir='ltr'>retulit</span> 
     </span>
     <span class='ocr_line' id='line_1_6' title="bbox 195 1009 1051 1094; baseline -0.006 -18"><span class='ocrx_word' id='word_1_27' title='bbox 195 1014 226 1077; x_wconf 90' lang='lat' dir='ltr'>in</span> <span class='ocrx_word' id='word_1_28' title='bbox 243 1015 339 1078; x_wconf 85' lang='lat' dir='ltr'>Libro</span> <span class='ocrx_word' id='word_1_29' title='bbox 362 1013 400 1076; x_wconf 88' lang='lat' dir='ltr'>de</span> <span class='ocrx_word' id='word_1_30' title='bbox 425 1014 559 1094; x_wconf 77' lang='lat' dir='ltr'>Origine</span> <span class='ocrx_word' id='word_1_31' title='bbox 582 1018 613 1074; x_wconf 90' lang='lat' dir='ltr'>et</span> <span class='ocrx_word' id='word_1_32' title='bbox 634 1009 792 1076; x_wconf 77' lang='lat' dir='ltr'>Varietate</span> <span class='ocrx_word' id='word_1_33' title='bbox 808 1012 958 1094; x_wconf 84' lang='lat' dir='ltr'>Logicoe:</span> <span class='ocrx_word' id='word_1_34' title='bbox 983 1009 1051 1072; x_wconf 92' lang='lat' dir='ltr'>Nos</span> 
     </span>
     <span class='ocr_line' id='line_1_7' title="bbox 195 1111 1146 1200; baseline -0.006 -21"><span class='ocrx_word' id='word_1_35' title='bbox 195 1114 306 1179; x_wconf 90' lang='lat' dir='ltr'>eodem</span> <span class='ocrx_word' id='word_1_36' title='bbox 332 1114 398 1178; x_wconf 86' lang='lat' dir='ltr'>fere</span> <span class='ocrx_word' id='word_1_37' title='bbox 427 1112 538 1178; x_wconf 85' lang='lat' dir='ltr'>ordine</span> <span class='ocrx_word' id='word_1_38' title='bbox 568 1112 806 1199; x_wconf 86' lang='lat' dir='ltr'>explorabimus</span> <span class='ocrx_word' id='word_1_39' title='bbox 836 1137 903 1200; x_wconf 94' lang='lat' dir='ltr'>quo</span> <span class='ocrx_word' id='word_1_40' title='bbox 931 1111 1051 1178; x_wconf 89' lang='lat' dir='ltr'>abillo</span> <span class='ocrx_word' id='word_1_41' title='bbox 1142 1137 1146 1144; x_wconf 95' lang='lat'><em>·</em></span> 
     </span>
     <span class='ocr_line' id='line_1_8' title="bbox 201 1217 470 1306; baseline -0.007 -24"><span class='ocrx_word' id='word_1_42' title='bbox 201 1234 275 1284; x_wconf 91' lang='lat' dir='ltr'>sunt</span> <span class='ocrx_word' id='word_1_43' title='bbox 288 1217 470 1306; x_wconf 85' lang='lat' dir='ltr'>propositae.</span> 
     </span>
    </p>

    <p class='ocr_par' dir='ltr' id='par_1_3' title="bbox 192 1324 1053 2941">
     <span class='ocr_line' id='line_1_9' title="bbox 241 1324 1051 1407; baseline -0.006 -20"><span class='ocrx_word' id='word_1_44' title='bbox 241 1325 270 1386; x_wconf 85' lang='grc'>1.</span> <span class='ocrx_word' id='word_1_45' title='bbox 296 1324 476 1386; x_wconf 79' lang='lat' dir='ltr'>Acmnnss</span> <span class='ocrx_word' id='word_1_46' title='bbox 492 1332 624 1386; x_wconf 86' lang='lat' dir='ltr'>vocatur</span> <span class='ocrx_word' id='word_1_47' title='bbox 639 1331 864 1407; x_wconf 82' lang='lat' dir='ltr'>argumentum</span> <span class='ocrx_word' id='word_1_48' title='bbox 885 1341 951 1406; x_wconf 93' lang='lat' dir='ltr'>quo</span> <span class='ocrx_word' id='word_1_49' title='bbox 974 1341 1051 1382; x_wconf 87' lang='lat' dir='ltr'>usus</span> 
     </span>
     <span class='ocr_line' id='line_1_10' title="bbox 197 1422 1052 1510; baseline -0.005 -20"><span class='ocrx_word' id='word_1_50' title='bbox 197 1439 245 1492; x_wconf 89' lang='lat' dir='ltr'>est</span> <span class='ocrx_word' id='word_1_51' title='bbox 262 1427 350 1490; x_wconf 87' lang='lat' dir='ltr'>Zeno</span> <span class='ocrx_word' id='word_1_52' title='bbox 366 1425 504 1498; x_wconf 72' lang='lat' dir='ltr'>Eleates</span> <span class='ocrx_word' id='word_1_53' title='bbox 522 1445 585 1486; x_wconf 90' lang='lat' dir='ltr'>non</span> <span class='ocrx_word' id='word_1_54' title='bbox 602 1435 639 1487; x_wconf 91' lang='lat' dir='ltr'>ut</span> <span class='ocrx_word' id='word_1_55' title='bbox 664 1438 787 1488; x_wconf 88' lang='lat' dir='ltr'>motum</span> <span class='ocrx_word' id='word_1_56' title='bbox 809 1422 946 1501; x_wconf 88' lang='lat' dir='ltr'>tolleret,</span> <span class='ocrx_word' id='word_1_57' title='bbox 962 1423 1052 1510; x_wconf 93' lang='lat' dir='ltr'>quod</span> 
     </span>
     <span class='ocr_line' id='line_1_11' title="bbox 196 1522 1053 1613; baseline -0.001 -24"><span class='ocrx_word' id='word_1_58' title='bbox 196 1527 294 1613; x_wconf 87' lang='lat' dir='ltr'>vulgo</span> <span class='ocrx_word' id='word_1_59' title='bbox 331 1525 386 1590; x_wconf 90' lang='lat' dir='ltr'>sed</span> <span class='ocrx_word' id='word_1_60' title='bbox 423 1522 503 1587; x_wconf 86' lang='lat' dir='ltr'>falso</span> <span class='ocrx_word' id='word_1_61' title='bbox 533 1523 674 1599; x_wconf 85' lang='lat' dir='ltr'>dicitur;</span> <span class='ocrx_word' id='word_1_62' title='bbox 713 1525 768 1588; x_wconf 95' lang='lat' dir='ltr'>sed</span> <span class='ocrx_word' id='word_1_63' title='bbox 804 1536 840 1588; x_wconf 90' lang='lat' dir='ltr'>ut</span> <span class='ocrx_word' id='word_1_64' title='bbox 871 1522 1053 1588; x_wconf 86' lang='lat' dir='ltr'>ostenderet</span> 
     </span>
     <span class='ocr_line' id='line_1_12' title="bbox 196 1625 1053 1711; baseline -0.004 -19"><span class='ocrx_word' id='word_1_65' title='bbox 196 1628 383 1692; x_wconf 89' lang='lat' dir='ltr'>continuum</span> <span class='ocrx_word' id='word_1_66' title='bbox 416 1649 478 1690; x_wconf 92' lang='lat' dir='ltr'>non</span> <span class='ocrx_word' id='word_1_67' title='bbox 514 1649 582 1690; x_wconf 84' lang='lat' dir='ltr'>esse</span> <span class='ocrx_word' id='word_1_68' title='bbox 618 1625 741 1691; x_wconf 87' lang='lat' dir='ltr'>infinite</span> <span class='ocrx_word' id='word_1_69' title='bbox 775 1625 942 1700; x_wconf 83' lang='lat' dir='ltr'>divisibile,</span> <span class='ocrx_word' id='word_1_70' title='bbox 973 1627 1053 1711; x_wconf 87' lang='lat' dir='ltr'>quia</span> 
     </span>
     <span class='ocr_line' id='line_1_13' title="bbox 197 1731 1052 1817; baseline -0.002 -21"><span class='ocrx_word' id='word_1_71' title='bbox 197 1735 256 1796; x_wconf 92' lang='lat' dir='ltr'>hoc</span> <span class='ocrx_word' id='word_1_72' title='bbox 272 1732 348 1797; x_wconf 86' lang='lat' dir='ltr'>dato</span> <span class='ocrx_word' id='word_1_73' title='bbox 363 1746 469 1798; x_wconf 92' lang='lat' dir='ltr'>motus</span> <span class='ocrx_word' id='word_1_74' title='bbox 487 1731 664 1797; x_wconf 87' lang='lat' dir='ltr'>tolleretur.</span> <span class='ocrx_word' id='word_1_75' title='bbox 703 1732 941 1817; x_wconf 85' lang='lat' dir='ltr'>Argumentum</span> <span class='ocrx_word' id='word_1_76' title='bbox 958 1731 1003 1795; x_wconf 91' lang='lat' dir='ltr'>sic</span> <span class='ocrx_word' id='word_1_77' title='bbox 1019 1755 1052 1794; x_wconf 92' lang='lat' dir='ltr'>se</span> 
     </span>
     <span class='ocr_line' id='line_1_14' title="bbox 193 1829 1051 1917; baseline -0.003 -19"><span class='ocrx_word' id='word_1_78' title='bbox 193 1833 300 1898; x_wconf 85' lang='lat' dir='ltr'>habet.</span> <span class='ocrx_word' id='word_1_79' title='bbox 348 1833 396 1898; x_wconf 92' lang='lat' dir='ltr'>Sit</span> <span class='ocrx_word' id='word_1_80' title='bbox 413 1831 552 1897; x_wconf 88' lang='lat' dir='ltr'>Achilles</span> <span class='ocrx_word' id='word_1_81' title='bbox 577 1845 733 1917; x_wconf 89' lang='lat' dir='ltr'>quantum</span> <span class='ocrx_word' id='word_1_82' title='bbox 750 1831 837 1896; x_wconf 87' lang='lat' dir='ltr'>voles</span> <span class='ocrx_word' id='word_1_83' title='bbox 858 1829 946 1905; x_wconf 74' lang='grc' dir='ltr'><em>πόδας</em></span> <span class='ocrx_word' id='word_1_84' title='bbox 968 1834 1051 1908; x_wconf 72' lang='grc' dir='ltr'><strong><em>ὠκὺς,</em></strong></span> 
     </span>
     <span class='ocr_line' id='line_1_15' title="bbox 195 1933 1052 2022; baseline 0.001 -21"><span class='ocrx_word' id='word_1_85' title='bbox 195 1951 277 2022; x_wconf 84' lang='lat' dir='ltr'>puta</span> <span class='ocrx_word' id='word_1_86' title='bbox 306 1935 443 2022; x_wconf 91' lang='lat' dir='ltr'>decuplo</span> <span class='ocrx_word' id='word_1_87' title='bbox 470 1933 607 1998; x_wconf 87' lang='lat' dir='ltr'>velocior</span> <span class='ocrx_word' id='word_1_88' title='bbox 634 1933 805 1998; x_wconf 81' lang='lat' dir='ltr'>testudine.</span> <span class='ocrx_word' id='word_1_89' title='bbox 862 1934 1052 2012; x_wconf 82' lang='lat' dir='ltr'>Quiescente</span> 
     </span>
     <span class='ocr_line' id='line_1_16' title="bbox 194 2037 1052 2126; baseline 0.003 -25"><span class='ocrx_word' id='word_1_90' title='bbox 194 2039 259 2112; x_wconf 87' lang='lat' dir='ltr'>illo,</span> <span class='ocrx_word' id='word_1_91' title='bbox 286 2038 457 2103; x_wconf 87' lang='lat' dir='ltr'>confecerit</span> <span class='ocrx_word' id='word_1_92' title='bbox 477 2037 606 2102; x_wconf 87' lang='lat' dir='ltr'>testudo</span> <span class='ocrx_word' id='word_1_93' title='bbox 629 2051 754 2124; x_wconf 89' lang='lat' dir='ltr'>partem</span> <span class='ocrx_word' id='word_1_94' title='bbox 784 2037 925 2123; x_wconf 86' lang='lat' dir='ltr'>aliquam</span> <span class='ocrx_word' id='word_1_95' title='bbox 954 2039 1052 2126; x_wconf 86' lang='lat' dir='ltr'>(puta</span> 
     </span>
     <span class='ocr_line' id='line_1_17' title="bbox 194 2138 1050 2227; baseline 0.002 -22"><span class='ocrx_word' id='word_1_96' title='bbox 194 2140 365 2222; x_wconf 79' lang='lat' dir='ltr'>decimam)</span> <span class='ocrx_word' id='word_1_97' title='bbox 395 2140 489 2227; x_wconf 91' lang='lat' dir='ltr'>spatii</span> <span class='ocrx_word' id='word_1_98' title='bbox 519 2138 738 2226; x_wconf 90' lang='lat' dir='ltr'>percurrendi.</span> <span class='ocrx_word' id='word_1_99' title='bbox 784 2141 870 2204; x_wconf 90' lang='lat' dir='ltr'>Tum</span> <span class='ocrx_word' id='word_1_100' title='bbox 896 2142 1050 2226; x_wconf 87' lang='lat' dir='ltr'>procedat</span> 
     </span>
     <span class='ocr_line' id='line_1_18' title="bbox 195 2242 1049 2330; baseline 0.004 -24"><span class='ocrx_word' id='word_1_101' title='bbox 195 2242 346 2319; x_wconf 88' lang='lat' dir='ltr'>Achilles,</span> <span class='ocrx_word' id='word_1_102' title='bbox 368 2242 519 2328; x_wconf 88' lang='lat' dir='ltr'>idemque</span> <span class='ocrx_word' id='word_1_103' title='bbox 542 2242 681 2329; x_wconf 88' lang='lat' dir='ltr'>spatium</span> <span class='ocrx_word' id='word_1_104' title='bbox 705 2254 887 2330; x_wconf 84' lang='lat' dir='ltr'>percurrat:</span> <span class='ocrx_word' id='word_1_105' title='bbox 916 2265 1049 2330; x_wconf 90' lang='lat' dir='ltr'>progre-</span> 
     </span>
     <span class='ocr_line' id='line_1_19' title="bbox 193 2344 1049 2432; baseline 0.002 -23"><span class='ocrx_word' id='word_1_106' title='bbox 193 2344 299 2409; x_wconf 89' lang='lat' dir='ltr'>dietur</span> <span class='ocrx_word' id='word_1_107' title='bbox 322 2345 448 2410; x_wconf 87' lang='lat' dir='ltr'>interim</span> <span class='ocrx_word' id='word_1_108' title='bbox 475 2345 603 2410; x_wconf 92' lang='lat' dir='ltr'>testudo</span> <span class='ocrx_word' id='word_1_109' title='bbox 633 2367 689 2431; x_wconf 90' lang='lat' dir='ltr'>per</span> <span class='ocrx_word' id='word_1_110' title='bbox 719 2357 842 2431; x_wconf 89' lang='lat' dir='ltr'>partem</span> <span class='ocrx_word' id='word_1_111' title='bbox 868 2345 938 2432; x_wconf 90' lang='lat' dir='ltr'>ejus</span> <span class='ocrx_word' id='word_1_112' title='bbox 965 2346 1049 2411; x_wconf 87' lang='lat' dir='ltr'>deci-</span> 
     </span>
     <span class='ocr_line' id='line_1_20' title="bbox 192 2447 1047 2532; baseline 0.005 -22"><span class='ocrx_word' id='word_1_113' title='bbox 192 2469 287 2524; x_wconf 89' lang='lat' dir='ltr'>mam,</span> <span class='ocrx_word' id='word_1_114' title='bbox 304 2447 334 2510; x_wconf 85' lang='lat' dir='ltr'>h.</span> <span class='ocrx_word' id='word_1_115' title='bbox 351 2471 376 2509; x_wconf 90' lang='lat' dir='ltr'>e.</span> <span class='ocrx_word' id='word_1_116' title='bbox 394 2447 494 2511; x_wconf 90' lang='lat' dir='ltr'>totius</span> <span class='ocrx_word' id='word_1_117' title='bbox 509 2447 605 2532; x_wconf 84' lang='lat' dir='ltr'>spatii</span> <span class='ocrx_word' id='word_1_118' title='bbox 626 2447 849 2521; x_wconf 64' lang='lat' dir='ltr'>centesimam</span> <span class='ocrx_word' id='word_1_119' title='bbox 876 2447 956 2514; x_wconf 87' lang='lat' dir='ltr'>hanc</span> <span class='ocrx_word' id='word_1_120' title='bbox 971 2471 1047 2514; x_wconf 92' lang='lat' dir='ltr'>con·</span> 
     </span>
     <span class='ocr_line' id='line_1_21' title="bbox 192 2545 1047 2632; baseline 0.005 -23"><span class='ocrx_word' id='word_1_121' title='bbox 192 2545 277 2610; x_wconf 89' lang='lat' dir='ltr'>ficiat</span> <span class='ocrx_word' id='word_1_122' title='bbox 308 2545 461 2626; x_wconf 90' lang='lat' dir='ltr'>Achilles,</span> <span class='ocrx_word' id='word_1_123' title='bbox 492 2562 524 2610; x_wconf 91' lang='lat' dir='ltr'>et</span> <span class='ocrx_word' id='word_1_124' title='bbox 559 2558 722 2632; x_wconf 82' lang='lat' dir='ltr'>percurret</span> <span class='ocrx_word' id='word_1_125' title='bbox 753 2548 879 2612; x_wconf 89' lang='lat' dir='ltr'>interim</span> <span class='ocrx_word' id='word_1_126' title='bbox 917 2549 1047 2613; x_wconf 90' lang='lat' dir='ltr'>testudo</span> 
     </span>
     <span class='ocr_line' id='line_1_22' title="bbox 193 2649 1044 2738; baseline 0.005 -25"><span class='ocrx_word' id='word_1_127' title='bbox 193 2649 292 2736; x_wconf 90' lang='lat' dir='ltr'>hujus</span> <span class='ocrx_word' id='word_1_128' title='bbox 315 2650 493 2714; x_wconf 83' lang='lat' dir='ltr'>centesimoe</span> <span class='ocrx_word' id='word_1_129' title='bbox 521 2649 697 2726; x_wconf 90' lang='lat' dir='ltr'>decimam;</span> <span class='ocrx_word' id='word_1_130' title='bbox 723 2664 753 2715; x_wconf 89' lang='lat' dir='ltr'>et</span> <span class='ocrx_word' id='word_1_131' title='bbox 776 2651 820 2715; x_wconf 92' lang='lat' dir='ltr'>sic</span> <span class='ocrx_word' id='word_1_132' title='bbox 843 2651 991 2738; x_wconf 89' lang='lat' dir='ltr'>deinceps</span> <span class='ocrx_word' id='word_1_133' title='bbox 1010 2653 1044 2716; x_wconf 96' lang='lat' dir='ltr'>in</span> 
     </span>
     <span class='ocr_line' id='line_1_23' title="bbox 192 2751 1045 2840; baseline 0.004 -23"><span class='ocrx_word' id='word_1_134' title='bbox 192 2752 371 2828; x_wconf 83' lang='lat' dir='ltr'>infinitum3</span> <span class='ocrx_word' id='word_1_135' title='bbox 396 2775 462 2839; x_wconf 92' lang='lat' dir='ltr'>quo</span> <span class='ocrx_word' id='word_1_136' title='bbox 482 2751 536 2818; x_wconf 89' lang='lat' dir='ltr'>fiet</span> <span class='ocrx_word' id='word_1_137' title='bbox 560 2766 596 2818; x_wconf 92' lang='lat' dir='ltr'>ut</span> <span class='ocrx_word' id='word_1_138' title='bbox 616 2753 755 2818; x_wconf 88' lang='lat' dir='ltr'>Achilles</span> <span class='ocrx_word' id='word_1_139' title='bbox 777 2776 942 2840; x_wconf 88' lang='lat' dir='ltr'>nunquam</span> <span class='ocrx_word' id='word_1_140' title='bbox 963 2779 1045 2820; x_wconf 89' lang='lat' dir='ltr'>asse-</span> 
     </span>
     <span class='ocr_line' id='line_1_24' title="bbox 192 2854 529 2941; baseline -0.006 -21"><span class='ocrx_word' id='word_1_141' title='bbox 192 2867 312 2941; x_wconf 87' lang='lat' dir='ltr'>quatur</span> <span class='ocrx_word' id='word_1_142' title='bbox 327 2854 529 2920; x_wconf 88' lang='lat' dir='ltr'>testudinem.</span> 
     </span>
    </p>

    <p class='ocr_par' dir='ltr' id='par_1_4' title="bbox 187 2957 1044 3660">
     <span class='ocr_line' id='line_1_25' title="bbox 237 2957 1044 3045; baseline 0.004 -24"><span class='ocrx_word' id='word_1_143' title='bbox 237 2957 388 3044; x_wconf 90' lang='lat' dir='ltr'>Ineptum</span> <span class='ocrx_word' id='word_1_144' title='bbox 411 2970 458 3022; x_wconf 89' lang='lat' dir='ltr'>est</span> <span class='ocrx_word' id='word_1_145' title='bbox 480 2959 540 3022; x_wconf 93' lang='lat' dir='ltr'>hoc</span> <span class='ocrx_word' id='word_1_146' title='bbox 566 2958 743 3045; x_wconf 87' lang='lat' dir='ltr'>Sophisma.</span> <span class='ocrx_word' id='word_1_147' title='bbox 789 2960 820 3023; x_wconf 90' lang='lat'>1.</span> <span class='ocrx_word' id='word_1_148' title='bbox 844 2959 927 3037; x_wconf 84' lang='lat' dir='ltr'>Quia</span> <span class='ocrx_word' id='word_1_149' title='bbox 950 2960 1044 3024; x_wconf 85' lang='lat' dir='ltr'>solvi-</span> 
     </span>
     <span class='ocr_line' id='line_1_26' title="bbox 190 3059 1043 3148; baseline 0.004 -23"><span class='ocrx_word' id='word_1_150' title='bbox 190 3074 245 3125; x_wconf 90' lang='lat' dir='ltr'>tur</span> <span class='ocrx_word' id='word_1_151' title='bbox 259 3059 471 3134; x_wconf 79' lang='lat' dir='ltr'>ambuland03</span> <span class='ocrx_word' id='word_1_152' title='bbox 496 3061 583 3147; x_wconf 92' lang='lat' dir='ltr'>quod</span> <span class='ocrx_word' id='word_1_153' title='bbox 599 3060 673 3125; x_wconf 83' lang='lat' dir='ltr'>iecit</span> <span class='ocrx_word' id='word_1_154' title='bbox 691 3059 859 3148; x_wconf 87' lang='lat' dir='ltr'>Diogenes.</span> <span class='ocrx_word' id='word_1_155' title='bbox 905 3065 935 3126; x_wconf 70' lang='lat'>2.</span> <span class='ocrx_word' id='word_1_156' title='bbox 956 3064 1043 3142; x_wconf 88' lang='lat' dir='ltr'>Quo-</span> 
     </span>
     <span class='ocr_line' id='line_1_27' title="bbox 190 3162 1042 3251; baseline 0.005 -25"><span class='ocrx_word' id='word_1_157' title='bbox 190 3162 274 3228; x_wconf 87' lang='lat' dir='ltr'>niam</span> <span class='ocrx_word' id='word_1_158' title='bbox 304 3185 343 3226; x_wconf 85' lang='lat' dir='ltr'>ex</span> <span class='ocrx_word' id='word_1_159' title='bbox 372 3162 442 3248; x_wconf 70' lang='lat' dir='ltr'>ipsi</span> <span class='ocrx_word' id='word_1_160' title='bbox 477 3163 659 3251; x_wconf 88' lang='lat' dir='ltr'>hypothesi,</span> <span class='ocrx_word' id='word_1_161' title='bbox 689 3163 766 3228; x_wconf 90' lang='lat' dir='ltr'>dum</span> <span class='ocrx_word' id='word_1_162' title='bbox 800 3163 929 3229; x_wconf 86' lang='lat' dir='ltr'>testudo</span> <span class='ocrx_word' id='word_1_163' title='bbox 966 3189 1042 3251; x_wconf 86' lang='lat' dir='ltr'>quae</span> 
     </span>
     <span class='ocr_line' id='line_1_28' title="bbox 190 3265 1042 3351; baseline 0.005 -23"><span class='ocrx_word' id='word_1_164' title='bbox 190 3265 351 3351; x_wconf 84' lang='lat' dir='ltr'>praecessit</span> <span class='ocrx_word' id='word_1_165' title='bbox 366 3265 469 3350; x_wconf 90' lang='lat' dir='ltr'>spatio</span> <span class='ocrx_word' id='word_1_166' title='bbox 485 3267 528 3341; x_wconf 78' lang='lat' dir='ltr'>A,</span> <span class='ocrx_word' id='word_1_167' title='bbox 545 3266 670 3330; x_wconf 88' lang='lat' dir='ltr'>conficit</span> <span class='ocrx_word' id='word_1_168' title='bbox 698 3273 731 3342; x_wconf 55' lang='grc' dir='ltr'><strong>ἦ</strong></span> <span class='ocrx_word' id='word_1_169' title='bbox 753 3268 793 3342; x_wconf 88' lang='grc' dir='ltr'>Α,</span> <span class='ocrx_word' id='word_1_170' title='bbox 812 3266 954 3331; x_wconf 89' lang='lat' dir='ltr'>Achilles</span> <span class='ocrx_word' id='word_1_171' title='bbox 969 3292 1042 3332; x_wconf 91' lang='lat' dir='ltr'>con-</span> 
     </span>
     <span class='ocr_line' id='line_1_29' title="bbox 187 3365 1038 3455; baseline 0.009 -27"><span class='ocrx_word' id='word_1_172' title='bbox 187 3366 271 3432; x_wconf 84' lang='lat' dir='ltr'>ficiet</span> <span class='ocrx_word' id='word_1_173' title='bbox 293 3369 379 3441; x_wconf 59' lang='lat' dir='ltr'>tm</span> <span class='ocrx_word' id='word_1_174' title='bbox 403 3365 547 3453; x_wconf 91' lang='lat' dir='ltr'>adeoque</span> <span class='ocrx_word' id='word_1_175' title='bbox 569 3368 676 3433; x_wconf 87' lang='lat' dir='ltr'>statim</span> <span class='ocrx_word' id='word_1_176' title='bbox 698 3380 886 3455; x_wconf 86' lang='lat' dir='ltr'>assequetur</span> <span class='ocrx_word' id='word_1_177' title='bbox 908 3392 990 3448; x_wconf 88' lang='lat' dir='ltr'>eam,</span> <span class='ocrx_word' id='word_1_178' title='bbox 1006 3384 1038 3437; x_wconf 92' lang='lat' dir='ltr'>et</span> 
     </span>
     <span class='ocr_line' id='line_1_30' title="bbox 188 3469 1041 3560; baseline 0.007 -28"><span class='ocrx_word' id='word_1_179' title='bbox 188 3469 363 3534; x_wconf 86' lang='lat' dir='ltr'>antecedet.</span> <span class='ocrx_word' id='word_1_180' title='bbox 411 3469 472 3534; x_wconf 90' lang='lat' dir='ltr'>Sed</span> <span class='ocrx_word' id='word_1_181' title='bbox 499 3470 558 3535; x_wconf 91' lang='lat' dir='ltr'>hoc</span> <span class='ocrx_word' id='word_1_182' title='bbox 585 3471 739 3557; x_wconf 87' lang='lat' dir='ltr'>(inquies)</span> <span class='ocrx_word' id='word_1_183' title='bbox 761 3474 794 3536; x_wconf 96' lang='lat' dir='ltr'>in</span> <span class='ocrx_word' id='word_1_184' title='bbox 820 3494 896 3537; x_wconf 86' lang='lat' dir='ltr'>casu</span> <span class='ocrx_word' id='word_1_185' title='bbox 923 3495 1041 3560; x_wconf 89' lang='lat' dir='ltr'>propo-</span> 
     </span>
     <span class='ocr_line' id='line_1_31' title="bbox 188 3571 1040 3660; baseline 0.011 -27"><span class='ocrx_word' id='word_1_186' title='bbox 188 3571 251 3634; x_wconf 88' lang='lat' dir='ltr'>sito</span> <span class='ocrx_word' id='word_1_187' title='bbox 276 3594 440 3660; x_wconf 88' lang='lat' dir='ltr'>nunquam</span> <span class='ocrx_word' id='word_1_188' title='bbox 467 3573 532 3638; x_wconf 87' lang='lat' dir='ltr'>liet.</span> <span class='ocrx_word' id='word_1_189' title='bbox 573 3573 693 3650; x_wconf 81' lang='lat' dir='ltr'>Recte3</span> <span class='ocrx_word' id='word_1_190' title='bbox 723 3575 773 3640; x_wconf 88' lang='lat' dir='ltr'>Ne</span> <span class='ocrx_word' id='word_1_191' title='bbox 801 3576 885 3642; x_wconf 90' lang='lat' dir='ltr'>enim</span> <span class='ocrx_word' id='word_1_192' title='bbox 911 3576 979 3656; x_wconf 85' lang='lat' dir='ltr'>fiat,</span> <span class='ocrx_word' id='word_1_193' title='bbox 1006 3576 1040 3642; x_wconf 94' lang='lat' dir='ltr'>in</span> 
     </span>
    </p>
   </div>
   <div class='ocr_carea' id='block_1_3' title="bbox 0 0 1210 4326">
    <p class='ocr_par' dir='ltr' id='par_1_5' title="bbox 0 0 1210 4326">
     <span class='ocr_line' id='line_1_32' title="bbox 0 0 1210 4326; baseline 0 2"><span class='ocrx_word' id='word_1_194' title='bbox 0 0 1210 4326; x_wconf 95' lang='lat' dir='ltr'> </span> 
     </span>
    </p>
   </div>
  </div>
 </body>
</html>
