2412 4326
410 413 762 476 SOPHISMATUM.
954 419 1014 476 8«ss

156 603 280 676 eaput3
316 587 355 653 ld
382 601 420 655 tu
446 611 511 655 non
539 590 658 663 habes;
697 591 788 672 Ergo
814 588 922 674 Caput
950 611 1012 655 non

157 691 268 758 babes.
311 693 343 756 8.
369 692 411 756 Id
425 689 513 778 quod
527 691 667 779 loqueris
682 715 722 758 ex
736 714 790 758 ore
814 703 872 757 tuo
891 691 1014 780 egredi-

160 807 231 860 tur:
256 797 399 860 Currum
413 793 565 880 loqueris;
591 796 682 878 Ergo
697 796 820 861 Currus
835 818 875 860 ex
889 817 943 860 ore
956 808 1013 861 tuo

160 897 335 982 agreditur.

94 1107 97 1113 '
159 1101 192 1190 §.
218 1104 269 1168 10.
305 1085 408 1168 NON
434 1116 666 1190 temperaturos
692 1103 753 1168 sibi
778 1105 912 1190 juvenes
939 1105 1014 1171 satis

161 1204 225 1269 scio
249 1206 329 1292 quin
353 1205 508 1272 dissiliant
533 1207 612 1284 usu,
639 1205 696 1272 ubi
721 1206 790 1270 hoee
816 1219 882 1272 tam
907 1206 1014 1274 futilia

158 1307 373 1376 intellexerint
409 1331 429 1374 a
463 1309 657 1398 gravissimis
697 1309 893 1396 philosophis
933 1311 1014 1376 serio

159 1413 258 1480 fuisse
286 1415 468 1504 proposita3
507 1401 546 1480 et¹
568 1414 731 1481 veteribus
759 1415 838 1480 adeo
875 1415 1014 1484 difficilia

161 1517 279 1592 haberi,
306 1531 342 1583 ut
367 1517 509 1584 Philetas
532 1519 618 1582 Cous
643 1531 821 1606 praeceptor
848 1518 1013 1584 Ptolemaei

160 1619 364 1704 Philadelphi
393 1620 490 1685 solius
518 1621 711 1686 Menticntio
739 1621 920 1706 explicandi
947 1634 1014 1687 stu-

159 1723 214 1788 dio
239 1725 403 1791 confectus
424 1724 589 1790 interierit.
635 1725 787 1803 Quamvis
810 1737 917 1791 autem
939 1727 1014 1790 Ari-

160 1827 281 1892 stotelis
307 1827 471 1907 beneficio,
486 1827 656 1893 videantur
679 1827 740 1892 ista
763 1839 800 1894 ut
824 1839 898 1891 sunt
920 1827 1013 1906 levia,

159 1929 191 2009 in
216 1930 255 1994 iis
278 1944 382 1997 tamen
407 1943 553 2018 prompte
579 1942 678 2017 atque
700 1929 868 1996 artificiose
893 1928 1014 1994 solven-

159 2032 210 2098 dis
239 2056 300 2098 non
336 2033 493 2100 inutiliter
530 2056 596 2098 sese
629 2034 763 2120 juvenes
800 2032 1011 2098 exercebunt:

159 2158 232 2202 nam
255 2137 288 2200 in
310 2136 505 2222 gravissimis
523 2134 804 2223 disputationibus,
820 2134 888 2198 haec
903 2133 1013 2199 eadem

159 2254 284 2306 recocta
306 2241 407 2305 Novae
428 2241 606 2326 praesertim
636 2237 850 2326 Philosophiae
876 2237 1014 2304 cultores

160 2345 331 2432 saepissime
346 2355 513 2430 reponunt.

203 2448 241 2511 V.
258 2471 290 2533 g.
317 2447 504 2512 Gessendus
521 2445 664 2508 Vacuum
688 2443 776 2529 quod
791 2442 932 2530 appellat
950 2445 1013 2508 dis-

160 2553 350 2615 seminatum
369 2547 479 2612 eodem
498 2545 565 2610 iere
585 2545 776 2632 sophismate
796 2545 1012 2610 demonstrare

159 2650 331 2739 pertendit,
355 2674 422 2738 quo
446 2649 520 2714 olim
548 2649 636 2714 Zeno
661 2657 773 2714 contra
799 2657 918 2714 motum
944 2662 1013 2716 ute-

158 2759 272 2824 batur:
305 2779 459 2844 suamque
484 2758 629 2821 Hoblu'us
654 2754 693 2820 de
719 2757 917 2822 Necessitate
943 2777 1012 2820 sen·

159 2862 291 2927 tentiam
313 2859 425 2925 iisdem
447 2871 630 2947 propugnat
652 2856 783 2922 fallaciis
805 2857 924 2945 quibus
946 2859 1012 2922 Fa-

159 2971 227 3028 tum
246 2961 360 3028 Stoici:
383 2960 508 3047 aliaque
522 2961 660 3048 plurima
673 2959 772 3046 hujus
785 2957 920 3045 generis,
936 2980 1011 3044 quae

158 3078 233 3130 sunt
258 3064 350 3130 uobis
374 3061 607 3150 praetereunda,
630 3057 779 3127 studiosis
801 3059 884 3124 inter
905 3057 1011 3144 legen·

157 3168 235 3234 dum
249 3179 425 3232 occurrent.

200 3269 330 3338 Fefellit
356 3269 461 3334 virum
491 3269 568 3334 satis
596 3267 673 3332 alias
701 3264 912 3352 perspicacem
941 3261 1010 3328 haec

159 3373 297 3462 sequela,
320 3395 394 3459 quae
416 3371 447 3437 in
470 3371 629 3457 ambiguis
654 3366 886 3456 distinguendis
907 3387 1011 3432 versa·

158 3491 227 3543 tum
249 3477 377 3541 minime
400 3475 542 3562 (opinor)
565 3473 745 3547 fefellissem
771 3474 906 3536 Possum
921 3472 1009 3536 datoe

154 3581 348 3664 peripatetice
373 3583 519 3646 trientem
544 3579 707 3652 eadum,-
746 3578 881 3640 Possem
905 3576 1009 3658 igitur

543 3706 563 3746 e
578 3691 629 3766 εἳ
