2450 4318
224 368 244 420 t
528 359 589 422 DE
611 359 781 423 MENTIS

224 518 446 600 Apprehcnsiou,
465 523 616 600 according
635 535 666 580 to
689 525 738 581 the
759 543 838 581 more
858 543 952 600 vagno
972 543 1024 582 use
1043 526 1089 582 of

224 603 290 660 that
314 605 494 678 expression:
523 604 672 680 although,
699 606 729 661 in
753 606 843 673 tuith,
870 603 1000 663 mestos
1022 607 1080 664 the

225 685 338 739 notione
351 683 444 740 which'
459 684 526 757 they
539 684 641 742 denote
655 703 703 741 are
716 685 852 762 comples.

266 759 363 819 When
375 763 467 822 words
479 784 528 822 ero
544 784 576 822 so
588 766 736 822 combined
748 785 781 823 as
794 778 824 822 to
837 777 933 824 create
946 785 964 822 a
977 783 1079 840 gram·

224 842 339 900 maticnl
362 846 483 903 relation
502 864 533 901 or
552 845 743 923 dependente,
765 847 833 920 they
853 867 904 905 cre
925 865 1078 923 represen-

224 924 329 981 tatires
341 923 375 981 oi
394 924 526 1001 Compos
547 925 792 1003 Apprelteusious:
815 943 867 996 ω
894 926 970 984 Tiar
991 927 1078 983 invu-

225 1001 319 1061 luable
344 1015 482 1075 treosure,
509 1004 586 1064 time.
631 1005 707 1063 Tiar
729 1007 799 1064 wild
821 1006 892 1065 kind
915 1009 954 1083 of
964 1006 1079 1081 justice

226 1083 320 1141 called
331 1105 456 1162 rcvmpe.
500 1085 557 1143 The
566 1088 720 1162 possession
736 1089 774 1163 of
787 1106 883 1163 power
902 1096 930 1145 to
951 1089 1081 1165 suspend

227 1163 273 1221 the
281 1168 462 1242 prosecutiou
475 1165 513 1240 of
520 1185 573 1224 our
585 1167 700 1225 desires.

265 1243 346 1304 Thus
368 1249 438 1315 niso,
459 1249 509 1304 the
529 1245 637 1320 faculty
650 1249 687 1321 by
709 1248 801 1304 which
822 1266 864 1305 we
884 1246 1082 1322 comprehend

228 1326 277 1383 the
286 1329 421 1405 meaning
432 1326 465 1383 oi
484 1328 574 1386 whole
594 1339 753 1395 sentences,
766 1347 798 1385 or
811 1327 843 1385 of
860 1328 949 1385 series
961 1325 995 1384 of
1010 1345 1081 1384 sen-

227 1415 325 1464 tences
344 1418 374 1464 to
392 1427 449 1480 any
460 1409 612 1477 extent,is
635 1407 768 1485 Compleu
786 1408 884 1485 simple
905 1406 1079 1484 Apprehen-

227 1488 297 1545 sion.
351 1486 449 1546 Under
469 1489 519 1544 tho
538 1508 617 1546 same
637 1500 709 1547 term
730 1507 779 1545 cro
797 1490 924 1547 likewise
942 1487 1080 1546 included

226 1567 276 1624 the
303 1569 411 1625 mental
438 1587 545 1646 powers
575 1569 633 1627 and
665 1571 827 1646 operatione
856 1567 890 1626 of
920 1569 1079 1639 attention,

226 1647 424 1723 imagination,
444 1668 578 1722 momory‚
600 1651 797 1726 anticipatum
818 1650 1002 1721 association,
1022 1651 1078 1707 ab·

225 1730 374 1800 struction,
388 1731 620 1806 generalitation,
634 1740 845 1807 arrangement,
859 1732 914 1788 dre.

269 1885 301 1949 2.
322 1887 501 1963 Judict'um,
517 1895 564 1949 est
579 1906 747 1972 quomens
765 1905 830 1948 non
852 1881 955 1946 solum
974 1879 1079 1967 perci·

226 1996 273 2082 pit
298 1996 363 2060 duo
388 1996 524 2081 objecta,
548 1995 604 2058 sed
629 1994 717 2079 apud
742 2017 775 2056 sc
799 1990 997 2078 pronuntiat,
1020 1989 1081 2056 illa

226 2104 308 2169 inter
337 2125 370 2166 se
400 2102 567 2166 convenire
591 2113 648 2166 aut
668 2100 830 2165 dissidere.
882 2101 994 2186 Atque
1014 2098 1080 2164 hoc

223 2209 462 2274 determinando
470 2209 576 2276 differt
587 2211 610 2274 J
612 2209 753 2275 udicium
764 2211 804 2275 ab
815 2208 1081 2298 Apprehcnsione

226 2319 403 2408 complexi.

207 2430 211 2442 “
270 2433 332 2498 Est
346 2433 428 2497 enim
445 2434 468 2497 J
469 2432 615 2499 odicium·
627 2431 716 2498 aliud
727 2433 973 2520 Affirmott'uum,
988 2431 1078 2497 aliud
1098 2425 1101 2432 ’

229 2544 434 2627 Negatioum.

270 2655 310 2718 E.
325 2678 358 2742 g.
376 2655 409 2720 Si
430 2655 503 2743 quis
526 2656 641 2721 dixerit
670 2657 891 2738 Triangulum
913 2657 1080 2738 cequitotc-

227 2787 299 2830 rum
315 2787 380 2832 esse
401 2771 657 2852 aequiaugulum,
672 2789 801 2854 possum
819 2765 1079 2850 Apprebeust'oue

227 2880 362 2961 sinrplt'cu'
376 2878 579 2963 Incompleud
601 2877 774 2964 intelligere
793 2877 874 2964 quid
897 2876 957 2941 sibi
979 2874 1077 2942 velint
1186 2865 1187 2880 ¹

230 2986 354 3072 singula
367 2988 516 3053 orationis
530 2988 628 3076 hujus
641 2985 805 3063 vocabula,
818 2984 988 3070 compleri
1001 3005 1077 3049 vero

232 3095 312 3184 quid
335 3108 403 3162 tota
423 3097 481 3163 sibi
500 3098 578 3163 velit
597 3098 718 3164 oratio:
743 3098 828 3174 Quin
850 3109 882 3161 et
902 3096 1002 3182 ipsius
1023 3117 1078 3157 na-

231 3220 313 3274 turae
335 3207 453 3272 lumine
472 3207 627 3293 intelligo,
642 3208 707 3272 duo
723 3206 874 3294 quaelibet
888 3207 1013 3292 objecta
1028 3205 1077 3268 vel
1185 3182 1186 3197 ἵ

231 3317 313 3383 inter
328 3343 360 3384 se
374 3318 550 3397 convenire,
565 3318 615 3382 vel
631 3339 693 3381 non
715 3317 899 3382 convenire:
925 3315 1077 3380 Nondum

233 3439 337 3492 tamen
356 3429 416 3493 feci
435 3429 593 3516 judicium
612 3428 711 3493 donec
730 3427 818 3512 apud
841 3427 996 3515 meipsum
1017 3437 1079 3489 sta-

230 3538 347 3604 tuerim
359 3539 428 3606 haec
442 3541 507 3606 duo
520 3541 653 3627 objectu,
673 3540 893 3621 Triangulum
915 3540 1080 3622 ‹equitate-
