2424 4330
194 377 256 432 214
464 365 778 429 ENTHYMEMA.

199 555 232 592 as
263 533 401 610 implying
430 531 496 588 thet
527 531 550 587 it
576 530 707 608 occupier
734 531 783 588 the
815 526 920 586 middle
955 529 1048 606 ploce.

199 615 278 690 They
293 612 386 672 would
400 609 537 670 therefore
551 631 641 688 argue
653 612 741 668 thus:

238 697 266 754 A
285 693 365 754 cltild
381 692 498 770 &arieg
519 695 666 770 testimony
679 693 711 749 in
729 692 768 748 its
778 687 907 768 fatter’s
919 708 1003 748 cause
1024 693 1051 748 is

200 797 239 834 on
260 775 414 834 interested
435 774 565 832 witness:
593 774 642 832 bot
662 772 815 831 interested
834 772 976 829 rodnoeses
998 789 1051 828 ore

199 866 249 916 rrot
268 853 430 914 admissibte
446 855 478 912 in
490 850 761 932 courtrrrfjurtiee:
782 848 923 931 therefore
935 871 954 910 o
970 850 1052 909 clito

199 937 318 1015 beurim
331 937 480 1013 testimony
494 937 526 993 in
537 936 577 993 its
586 932 714 1014 fntlter's
725 951 807 992 coust
818 933 843 990 t's
855 941 905 990 not
917 933 1051 990 admissi-

201 1017 244 1076 tte
257 1019 289 1076 in
301 1025 395 1092 coorti
407 1013 444 1095 of
441 1015 559 1095 justice.

242 1097 303 1156 But
324 1097 395 1155 such
422 1115 460 1155 eu
487 1103 687 1170 arrangement
705 1095 730 1152 is
749 1093 894 1166 obviously
916 1093 1054 1170 unplrilo·

202 1175 876 1332 :tltnihii}tltttttttlitt?
889 1173 1055 1313 iiiiii

202 1343 343 1399 scitnemr
355 1358 405 1398 ore
419 1348 468 1397 not
487 1337 648 1397 ndrnissilrle
665 1340 697 1394 in
709 1345 803 1394 coum
814 1333 852 1416 of
854 1333 974 1414 justice,
989 1353 1053 1412 pre·

203 1441 286 1498 peres
307 1423 356 1478 the
376 1420 455 1477 mind
474 1417 517 1476 for
537 1437 574 1476 au
596 1418 777 1490 involuntery
798 1419 1001 1492 acquiescente
1022 1417 1055 1472 in

204 1504 253 1559 the
271 1501 456 1559 subordinate
474 1499 627 1567 asserico,
640 1499 707 1556 thet
719 1518 738 1555 n
751 1496 830 1556 clrild
841 1497 958 1573 woring
972 1498 1055 1556 terti-

203 1582 330 1660 neugio
349 1583 388 1639 its
397 1577 524 1659 sotler't
543 1597 627 1637 conse
646 1576 797 1655 (deingrato
815 1577 969 1636 intererted
986 1577 1055 1636 roit-

203 1663 275 1738 rrers)
291 1663 316 1720 ir
328 1671 378 1720 oct
388 1660 552 1720 admittilrle
564 1661 598 1718 in
604 1669 703 1718 costen
714 1656 752 1739 ⁰f
749 1659 868 1739 justice.

377 2005 398 2094 §
419 2007 452 2077 9·
481 2009 533 2072 De
547 2007 804 2090 Dntirymemote
820 2009 875 2086 dfe.

207 2181 533 2262 Suttoersrurs
570 2195 665 2260 ettam
698 2195 948 2261 adnumerantur
984 2194 1056 2260 auae

206 2317 465 2391 argumentorum
499 2306 639 2394 species;
673 2330 747 2394 quae
776 2328 833 2371 nec
867 2306 976 2371 stricte
1012 2304 1058 2369 lo-

207 2414 335 2501 quendo
355 2415 537 2502 Syllogismi
556 2427 713 2495 suntsnec
733 2415 779 2482 ite
793 2429 898 2482 temen
912 2427 1058 2504 peccent,

208 2539 243 2589 ut
276 2538 445 2612 propterea
475 2541 657 2594 mereantur
689 2527 836 2594 excludi:
874 2528 907 2592 in
938 2527 1059 2614 quibus

209 2635 326 2700 scilicet
355 2636 507 2701 reticetur
535 2639 716 2723 argumenti
744 2661 818 2723 pers
848 2638 968 2725 alique,
1002 2635 1059 2701 sed

208 2769 304 2832 quem
319 2747 457 2833 proclive
471 2763 518 2814 est
533 2747 724 2836 cogitatione
739 2749 941 2815 substituere.

252 2861 282 2922 l.
314 2859 529 2942 Enttymema
541 2887 553 2935 ,·
591 2861 683 2947 cujus
714 2859 901 2926 antecedens
934 2871 1059 2926 constet

208 2969 422 3056 propositione
459 2985 491 3036 et
522 2971 669 3061 judicio;
708 2994 781 3036 nam
813 2971 974 3060 judicium
1011 2984 1059 3036 est

123 3111 129 3122 ·
206 3079 381 3168 propositio
402 3081 436 3146 iu
457 3094 582 3158 mente;
606 3106 634 3148 e.
648 3107 680 3169 g.
710 3085 816 3147 Homo
840 3090 888 3148 est
913 3085 1059 3156 animal,-

209 3215 286 3280 ergo
314 3199 361 3258 est
388 3196 506 3260 vicens.
552 3196 650 3260 Deest
679 3194 724 3260 illi
754 3194 796 3259 ed
828 3193 1058 3280 syllogismum

210 3301 309 3368 altere
337 3304 591 3390 praemissarum
625 3318 735 3371 utrum
770 3325 847 3370 vero
881 3305 982 3392 major
1020 3327 1063 3368 sur

209 3413 324 3492 minor,
339 3438 379 3480 ex
395 3416 569 3502 quaestione
583 3416 792 3504 dignoscitur.
821 3417 951 3483 Dicitur
965 3416 1064 3483 etism

211 3521 377 3589 Aristoteli
393 3529 603 3612 Syllogismtte
620 3529 811 3604 oratorium·
834 3540 879 3609 et,
898 3526 923 3594 si
937 3528 1065 3630 integre
